4042 6067
1576 539 2019 601 ANTIMACHI
2061 544 2557 606 FRAGMENTA.

1071 667 1256 727 LXIV
1299 666 1437 745 (77)-

563 751 951 831 Ἐννεάμυκλος
978 752 1106 823 ὄνος·
1129 750 1276 836 παρὰ
1297 752 1613 838 Ἀντιμάχῳ.
1633 730 1798 817 Ὄνου
1830 757 2028 837 μύκλαι

476 844 539 904 δε
569 840 815 920 λέγονται
838 845 892 901 αἱ
922 844 975 900 ἐν
1008 850 1110 909 τοῖς
1140 841 1377 902 σκέλεσιν
1403 848 1506 902 τῶν
1531 844 1663 905 ὄνων
1688 847 2027 929 περιγραφαί.

479 932 618 990 Haec
651 931 808 989 euim
856 951 887 988 a
931 931 1213 1010 dignitate
1257 933 1405 1010 epici
1442 934 1660 1011 pariter
1691 947 1867 1011 atque
1901 937 2023 995 ele-

476 1018 631 1097 giaci
677 1018 947 1078 carminis
998 1018 1338 1078 abhorrent.
1381 1020 1618 1079 Tzetzes
1669 1023 1904 1101 quidem
1954 1023 2025 1081 ad

481 1106 775 1187 Lycophr.
812 1127 861 1165 v.
889 1128 996 1180 771
1038 1119 1096 1165 et
1131 1108 1503 1185 Etymologus
1542 1111 1615 1168 M.
1645 1130 1702 1187 p.
1733 1112 1840 1186 594
1864 1156 1880 1188 ,
1914 1133 1986 1169 20
2009 1154 2025 1183 ‚

484 1195 640 1270 haee,
673 1195 774 1255 sed
809 1196 1099 1267 auctiora,
1130 1195 1396 1255 tribuunt
1429 1196 1781 1255 Callimacho
1811 1222 1825 1257 τ

643 1329 835 1390 Ἔστιν
873 1353 962 1408 μοι
997 1328 1219 1409 Μάγνης
1242 1329 1584 1410 ἔννεάμυκλος
1612 1329 1740 1397 ὄνος.

474 1473 603 1549 Ego
637 1491 780 1529 vero
819 1490 1025 1530 censeo
1057 1471 1188 1529 illos
1239 1472 1640 1549 grammaticos
1675 1474 1796 1532 sive
1826 1473 2021 1550 potius

473 1559 749 1618 librarios
794 1559 1126 1619 Callimachi
1160 1579 1371 1617 nomen
1409 1561 1772 1619 notissimum
1807 1560 2020 1619 substi-

474 1647 654 1705 tuisse
701 1647 1044 1716 Antimacho
1076 1691 1093 1719 ,
1136 1646 1299 1724 cujus
1343 1649 1622 1706 memoria
1681 1649 1861 1706 multo
1915 1649 2024 1706 suit
2062 1661 2074 1690 ⁸

472 1732 810 1801 obscurior,
849 1735 1008 1811 quod
1049 1734 1141 1794 vel
1179 1734 1510 1812 xiphilinus
1540 1735 1750 1807 LXIX,
1787 1744 1816 1803 4
1839 1778 1854 1804 ,
1884 1737 2018 1794 satis

472 1840 772 1898 superque
812 1822 1029 1880 indicat
1065 1844 1079 1879 τ
1123 1821 1230 1882 Τὸν
1280 1827 1400 1901 γοῦν
1443 1820 1694 1903 Ὅμηρον
1745 1820 2018 1881 καταλύων

473 1906 794 1986 Ἀντίμαχον
838 1907 949 1967 ἀντ’
988 1911 1143 1968 αὐτοῦ
1193 1912 1434 1989 εἰσῆγεν,
1473 1900 1530 1968 οὗ
1573 1907 1708 1988 μηδὲ
1749 1909 1810 1969 τὸ
1852 1909 2019 1987 ὄνομα

473 1995 665 2055 πολλοὶ
716 1994 968 2078 πρότερον
1013 1996 1323 2070 ἠπίσταντο.
1371 1998 1560 2057 Credo
1615 2011 1806 2057 autem
1855 1999 2016 2057 illum

474 2084 664 2161 ipsum
703 2085 1054 2143 versiculum
1102 2107 1174 2145 ex
1207 2086 1530 2146 Catachene
1571 2087 1816 2165 petitum
1853 2107 2014 2144 esse:

472 2184 536 2227 ut
569 2174 725 2229 enim
756 2173 1091 2232 Callimachi
1124 2174 1267 2231 illud
1301 2194 1561 2247 carmen,
1608 2175 1765 2253 qnod
1810 2175 2016 2232 inscri-

472 2257 634 2317 bitur
662 2258 818 2337 Ibis,
865 2261 975 2319 fuit
1019 2262 1330 2340 elegiacum
1353 2307 1368 2334 ,
1401 2264 1482 2320 sic
1510 2262 1626 2321 hoc
1670 2283 1905 2340 quoque
1945 2283 2016 2321 ex

472 2345 735 2406 distichis
785 2350 1109 2408 constitisse
1144 2370 1260 2408 non
1307 2350 1584 2408 abhorret
1621 2372 1652 2408 a
1689 2350 2015 2429 probabili·-
2055 2392 2056 2395 η

474 2436 603 2493 tatis
631 2436 829 2512 specie
858 2458 873 2495 ε
917 2437 1028 2496 nisi
1058 2439 1207 2497 forte
1244 2439 1372 2516 quis
1414 2439 1574 2496 malit
1608 2438 1772 2516 'hunc
1807 2453 2014 2515 penta·-

472 2535 721 2580 metrum
753 2523 823 2580 ad
859 2520 1083 2590 Δέλτους
1121 2524 1352 2586 referre.
1390 2552 1414 2578 ι

550 2611 840 2687 Hesych.:
879 2612 1119 2685 Μῦκλαι,
1149 2615 1203 2671 αἱ
1237 2610 1450 2695 περὶτὰ
1495 2610 1656 2684 σκέλη
1686 2612 1778 2672 καὶ
1813 2614 1865 2673 ἕν
1902 2621 2011 2680 τοῖς

468 2696 594 2756 ποσὶ
640 2696 735 2757 καὶ
786 2696 874 2756 ἐπὶ
921 2696 1090 2759 νώτου
1134 2704 1238 2759 τῶν
1290 2701 1420 2759 ὄνων
1464 2698 1709 2778 μέλαιναι
1747 2700 2007 2781 γραμμαί.

469 2786 725 2866 HSteph.
748 2786 921 2846 Thes.
949 2811 1006 2846 z«
1029 2786 1412 2867 Ἐννεάμυκλος
1436 2789 1718 2865 Hesychio
1748 2787 2009 2867 ἐνναετὴς,

471 2871 712 2955 ἰσχυρὸς,
751 2876 969 2938 Novem
1004 2897 1316 2949 annorum,
1356 2877 1646 2938 Robustus
1682 2890 1739 2935 et
1766 2878 2006 2937 validus.

473 2963 726 3021 Forsitan
757 2976 947 3023 autem
984 2968 1298 3045 exponitur
1326 2964 1597 3037 ἐνναετὴς,
1631 2967 1905 3043 quoniam
1936 2988 2009 3026 ex

476 3051 692 3125 μυκλῶν
714 3073 959 3111 numero
984 3055 1439 3133 cognoscebatur
1457 3076 1670 3128 annus;
1696 3067 1752 3112 et
1777 3054 2006 3137 ἰσχυρὸς,

469 3139 600 3215 quia
633 3139 760 3197 talis
781 3139 1107 3199 habebatur
1125 3143 1222 3220 qui
1250 3144 1456 3201 multas
1485 3140 1726 3200 haberet
1746 3140 1963 3221 μύκλας.
1983 3167 2008 3195 ³·

798 3379 1270 3438 FRAGMENTA
1315 3381 1664 3440 menan.

1066 3512 1210 3570 va
1267 3509 1407 3588 (η).

3572 562 3662 619 4ὅ

2113 697 2204 777 χος
2235 676 2402 845 ζέᾶωζ
2424 675 2583 746 οὕτως
2626 679 2744 758 (alii
2772 681 2942 740 codd.
2976 679 3028 751 ἐξ
3052 684 3213 755 αὐτῆς
3241 684 3401 758 ἀνεδ.,
3429 686 3497 752 ὥς
3528 688 3669 766 φησὶ

2115 787 2206 823 και
2299 812 2314 825 .
2354 812 2366 824 .
2400 788 2412 800 ·

2192 897 2395 981 Ῥίμφα
2420 899 2463 958 δ’
2485 901 2567 959 ἐπ’
2586 900 2824 983 ἠπείροιο
2848 901 3097 979 μελαίνης
3125 902 3279 985 ὑψόσ’
3298 904 3495 986 ἀερθεὶς

2194 1003 2459 1077 Πηλείδης
2482 1003 2771 1086 ἀπόρουσεν
2801 1005 3100 1089 ἐλαφρότερ’
3119 1002 3244 1080 ἠΰτε
3264 1008 3442 1088 κίρκος
3458 1030 3471 1043 ·

2191 1111 2284 1166 τοῦ
2314 1108 2359 1165 δ’
2395 1105 2657 1188 ἔμπροσθε
2689 1109 2863 1166 ποδῶν
2898 1107 3064 1190 κρήνη
3096 1108 3260 1187 γένετ’
3295 1111 3573 1171 ἀενάουσα.

2111 1241 2176 1297 V.
2200 1261 2219 1295 1
2246 1239 2565 1298 Schellenb.
2592 1239 2890 1301 {vt-’.Codd
2906 1241 3101 1319 (etiam
3134 1245 3165 1300 3
3186 1244 3448 1320 parisini)
3460 1243 3569 1303 ἀπ’.
3585 1246 3652 1304 V.

2113 1347 2144 1382 2
2170 1328 2276 1384 Vit.
2301 1349 2331 1383 α
2351 1326 2646 1406 ἐπόρουσεν.
2673 1327 2890 1386 Deinde
2910 1329 3187 1388 edebatur
3200 1329 3421 1412 ἐλαφρὸς
3434 1326 3559 1402 ἠΰτε
3582 1356 3654 1405 κ.,

2109 1414 2265 1491 quod
2290 1414 2613 1472 emendavit
2644 1419 3001 1474 Hermannus
3034 1417 3104 1474 ad
3132 1418 3329 1495 Eurip.
3367 1419 3645 1480 Androm.

2118 1525 2135 1558 ι
2158 1506 2293 1573 108;
2342 1502 2504 1578 eujus
2552 1503 2662 1561 loci
2715 1506 2976 1561 notitiam
3034 1505 3178 1563 Fixii
3235 1504 3666 1566 benevolentiae·

2108 1587 2310 1648 debeo,
2341 1593 2426 1649 De
2449 1584 2576 1661 ἠΰτε
2614 1611 2719 1668 pro
2747 1589 2780 1662 ἢ
2811 1594 2999 1669 posito
3031 1613 3081 1651 v.
3114 1595 3438 1651 Buttmann.
3470 1595 3647 1653 Lexil.

2108 1678 2219 1735 vol.
2277 1680 2329 1737 11
2359 1721 2373 1745 ,
2427 1700 2484 1757 p.
2543 1700 2659 1755 229
2717 1701 2804 1757 sq.
2884 1684 3110 1754 CircuS,
3166 1703 3234 1740 ex
3310 1684 3646 1761 accipitrum

2106 1787 2343 1844 genere,
2375 1769 2623 1825 llomero
2659 1780 2743 1825 est
2771 1767 3121 1851 ἐλαφρότατος
3156 1775 3444 1842 πετεηνῶν,
3470 1772 3535 1829 11.
3566 1772 3649 1844 Χ,

2113 1854 2465 1930 139.-Nec
2498 1856 2681 1932 Lydes
2729 1877 2850 1914 esse
2901 1878 3006 1916 nec
3044 1854 3353 1917 Thebaidis
3388 1859 3497 1916 hoc
3532 1858 3649 1917 sra-

2104 1957 2395 2022 gmentum
2418 1959 2672 2025 appare-t.
2699 1949 2785 2005 De
2813 1968 2875 2006 re
2908 1949 3402 2026 Schellenbergius
3425 1948 3652 2007 confert

2108 2035 2465 2092 Eustathium
2504 2036 2576 2093 ad
2616 2035 2680 2094 Il.
2728 2037 2797 2106 Β,
2830 2037 2969 2111 698,
3007 2034 3323 2117 Ὓπέτρεσεν
3354 2037 3646 2116 (Achilles)

2103 2125 2240 2183 κατά
2272 2149 2445 2198 τινας,
2484 2126 2573 2184 καὶ
2606 2128 2901 2191 τελευταῖος
2934 2128 3005 2192 εἷς
3043 2130 3143 2204 γῆν
3172 2124 3563 2197 κατεπήδησεν.

2688 2248 2866 2308 LXVI
2910 2249 3054 2326 (57).

2182 2354 2529 2413 scholiastes
2598 2354 2868 2414 Nicandri
2919 2355 3189 2414 Theriac.
3247 2357 3400 2429 295:
3450 2352 3655 2427 ludov,

2099 2447 2184 2500 ν’ὗν
2218 2439 2313 2586 τῖᾗν
2352 2441 2468 2501 ὁδὸν
2502 2440 2599 2513 τὴν
2630 2441 2813 2518 πεζὴν,
2852 2440 2946 2512 τὴν
2980 2442 3213 2519 πορείαν.
3254 2441 3362 2501 Καὶ
3394 2440 3643 2520 Ἀντίμα-

2096 2551 2190 2607 χος
2214 2552 2238 2587 ε
2261 2552 2328 2587 πε
2345 2550 2358 2563 ·

2257 2646 2441 2702 Τοῖσιν
2478 2644 2523 2701 δ’
2559 2642 2781 2714 ὑλήεντα
2809 2642 2894 2700 διὰ
2913 2641 3073 2701 πλόον
3104 2642 3449 2722 ἐρχομένοισι.

2103 2766 2305 2823 Editur
2340 2773 2475 2825 τοῖσι
2503 2764 2548 2821 δ’
2568 2762 2628 2821 ἂν
2656 2765 2736 2822 ὑλ.
2766 2765 2999 2822 Lucian.
3035 2765 3165 2823 Ver.
3195 2764 3327 2822 hist.
3353 2767 3428 2838 11,
3454 2774 3548 2839 42,
3569 2767 3639 2825 de

2096 2855 2225 2911 ficta
2270 2853 2637 2931 navigatione
2687 2873 2792 2930 per
2843 2854 3138 2911 cacumina
3178 2854 3337 2912 silvae
3361 2853 3419 2911 in
3450 2855 3642 2914 medio

2098 2942 2237 2999 inari
2294 2943 2539 2999 inventae
2564 2965 2576 2997 ε
2604 2939 2798 3006 Θέντες
2841 2944 3093 3016 (navem)
3144 2940 3234 2999 ἐπὶ
3269 2943 3373 3001 τῶν
3412 2942 3638 3012 κλάδων,

2096 3031 2410 3099 πετάσαντες
2442 3030 2507 3089 τὰ
2547 3030 2690 3091 ἱστία
2732 3031 2970 3112 καθάπερ
3017 3034 3069 3089 ἐν
3113 3031 3345 3111 Θαλάττῃ
3384 3032 3637 3112 ἐπλέομεν

2096 3127 2182 3180 τοῦ
2221 3119 2415 3198 ἀνέμου
2461 3122 2818 3202 προωθοῦντος
2848 3118 3230 3201 ἐπισυρόμενοι.
3252 3116 3420 3179 Ἔνθα
3456 3119 3517 3192 δὴ
3548 3120 3636 3179 καὶ

2092 3209 2150 3267 τὸ
2172 3207 2490 3286 Ἀντιμάχου
2517 3213 2607 3267 τοῦ
2637 3213 2857 3278 ποιητοῦ
2887 3206 3011 3273 ἔπος
3045 3209 3349 3278 ἐπεισῆλθε·
3382 3210 3509 3289 φησὶ
3534 3209 3636 3289 γάρ

2091 3322 2192 3355 που
2212 3299 2447 3363 κάκεῖνος
2463 3316 2477 3331 ·

2211 3424 2395 3482 Τοῖσιν
2417 3421 2462 3481 δ’
2491 3420 2712 3492 ὑλήεντα
2747 3417 2832 3479 διὰ
2855 3418 3015 3479 πλόον
3043 3419 3392 3501 ἐρχομένοισι.

2137 3547 2200 3607 ld
2223 3559 2306 3605 est
2327 3541 2729 3625 διερχομένοισι,
2752 3571 2775 3595 α
2796 3545 3032 3603 fortasse
3060 3565 3166 3622 per
3188 3546 3585 3605 Cithaeronem.
3604 3574 3627 3599 ι

533 3618 775 3676 Tzetzes
812 3614 885 3674 ad
918 3615 1207 3693 Lycophr.
1238 3616 1387 3682 245:
1419 3611 1670 3695 Χρησμὸς
1721 3605 1786 3686 ἧν
1837 3615 2000 3684 δοθεὶς
2089 3633 2396 3693 Schelle-nb,

440 3711 560 3771 ,τοῖς
579 3699 847 3776 1Ἰ“ζλλησι,
865 3700 954 3762 τὸν
989 3701 1407 3783 προπηδήσαντα
1432 3706 1539 3760 τῶν
1561 3700 1835 3773 Ἑλλήνων
1863 3701 2000 3762 κατὰ

454 3793 558 3849 τῶν
584 3789 793 3871 Τρώων
822 3793 882 3849 ἐκ
904 3792 1009 3848 τῶν
1039 3788 1273 3849 ὁλκάδων
1303 3792 1510 3868 πρῶτον
1536 3791 1640 3847 τῶν
1666 3786 1840 3846 ἄλλων
1867 3791 2002 3848 ἄπο-

455 3882 644 3937 Θανεῖν.
675 3877 1126 3960 Προπηδήσαντος
1152 3874 1206 3935 δὲ
1223 3883 1313 3937 τοῦ
1334 3873 1710 3959 Πρωτεσιλάου
1734 3875 1823 3934 καὶ
1848 3879 1998 3937 ἀναι-

454 3965 684 4044 ρεθέντος
718 3965 804 4048 ὕφ’
830 3961 1087 4047 Ἕκτορος
1113 3962 1148 4037 ἢ
1182 3962 1359 4047 ἑτέρου
1383 3964 1548 4039 τινὸς,
1580 3968 1608 4023 ὃ
1636 3962 1897 4043 Ἀχιλλεὺς
1920 3970 1997 4048 τῷ

451 4053 636 4113 τούτου
673 4053 952 4130 παθήματι
983 4051 1308 4127 παιδευθεὶς,
1359 4052 1573 4135 ὕστερον
1615 4052 1861 4111 ἁπάντων
1901 4058 1996 4124 τῆς

451 4140 590 4208 ἰδίας
621 4139 749 4207 νεὼς
777 4140 1021 4214 πηδήσας
1069 4139 1290 4213 πλήττει
1335 4140 1434 4213 τὴν
1480 4146 1599 4219 γῆν,
1647 4140 1737 4200 καὶ
1771 4140 1908 4221 ὕδωρ
1943 4140 1993 4210 ἐξ
2045 4180 2046 4183 =

448 4232 613 4301 αὐτῆς
634 4274 650 4302 ,
681 4226 750 4293 ὥς
776 4252 953 4309 φασιν,
980 4228 1216 4302 ἀνεδόθη.
1250 4231 1522 4308 Μαρτυρεῖ
1553 4228 1606 4287 δὲ
1631 4228 1722 4287 καὶ
1743 4227 1993 4305 Ἀντίμα-

510 4535 658 4601 Apud
676 4534 1047 4598 Antimachum,
1075 4555 1100 4580 σι
1125 4537 1304 4587 Asinus
1327 4549 1440 4586 cum
1464 4549 1640 4586 novem
1675 4537 1846 4600 myclis
1869 4557 1891 4579 »
1920 4537 1992 4599 (li-

440 4608 550 4659 neis
575 4606 772 4671 nigris).

530 4679 634 4734 Est
659 4676 792 4748 nubi
811 4680 1038 4752 Magnes
1058 4678 1243 4736 asinus
1267 4692 1463 4737 novem
1494 4676 1817 4749 myclorum.

1036 4792 1412 4820 ψ

780 4894 1264 4957 FRAGMENTA
1304 4895 1662 4956 INCERTAj

1173 4993 1268 5044 65.

502 5069 772 5123 oraculum
803 5069 975 5121 datum
1014 5070 1171 5121 fuerat
1211 5070 1398 5121 Graecis
1417 5105 1430 5129 ,
1465 5070 1569 5120 sore
1597 5073 1651 5119 ut
1682 5068 1765 5132 qui
1799 5068 1985 5130 primus

428 5146 729 5197 (ἔπεσσι-πω
750 5155 813 5193 ex
842 5141 1056 5192 navibus
1083 5143 1135 5191 in
1159 5145 1338 5191 terram
1374 5141 1633 5204 'frojanam
1668 5138 1981 5202 prosiliisset,

428 5216 481 5268 is
501 5218 622 5266 ante
644 5225 819 5264 omnes
837 5212 1167 5262 occumberet.
1195 5215 1360 5270 Quum
1385 5211 1535 5275 igitur
1554 5210 1865 5268 Protesilaus,
1891 5208 1985 5257 hoc

429 5287 603 5336 facere
631 5296 811 5347 ausus,
843 5283 906 5334 ab
938 5285 1146 5333 Hectore
1177 5286 1263 5333 aut
1291 5282 1384 5332 alic
1417 5282 1628 5345 quodam
1666 5281 1981 5330 obtruncatus

429 5356 600 5416 esset,
628 5351 867 5416 Achilles,
888 5352 1038 5417 hujus
1061 5351 1333 5403 calamitate
1363 5351 1595 5411 edoctus,
1633 5364 1694 5401 ex
1731 5363 1819 5400 sua
1856 5361 1981 5398 nave

2661 3727 2865 3787 vall
2921 3729 3059 3807 (60).

2171 3827 2531 3907 Epimerismi
2562 3828 2727 3884 Hom.
2759 3847 2849 3904 ap.
2888 3829 3139 3886 Cramer.
3173 3829 3384 3886 Aneed.
3419 3829 3531 3887 vol.
3569 3851 3588 3887 ι
3610 3875 3639 3902 ,.

2087 3940 2140 3996 p.
2168 3925 2298 3990 (501,
2328 3928 2596 3991 excerpta
2614 3915 2691 3974 ib.
2717 3916 2834 3974 vol.
2865 3917 2938 3988 II,
2977 3920 3182 3994 p.329,
3220 3937 3310 3988 10,
3340 3928 3396 3975 et
3433 3918 3622 3993 Etym.

2085 4008 2158 4065 M.
2187 4027 2243 4083 p.
2266 4026 2400 4078 770,
2436 4024 2527 4061 10:
2546 4004 2683 4064 Κοία
2708 4002 2955 4081 σημαίνει
2975 4002 3069 4074 τὴν
3100 4011 3352 4085 σφαῖραν·
3372 4008 3406 4075 ἡ
3437 4009 3627 4086 χρῆσις

2083 4093 2227 4173 παρὰ
2256 4092 2554 4175 Ἀντιμάχῳ
2575 4117 2587 4128 ·

2166 4225 2327 4291 Κοίας
2349 4228 2408 4283 ἐκ
2436 4226 2627 4303 χειρῶν
2662 4220 2915 4281 σκόπελον
2940 4220 3072 4296 μέτα
3105 4220 3455 4301 ῥιπτάζουσιν.

2084 4448 2379 4509 prostremus
2406 4440 2626 4490 omnium
2652 4438 2852 4498 desiliit,
2880 4441 2930 4488 et
2949 4438 3074 4487 saltu
3106 4451 3197 4487 suo
3218 4444 3395 4487 terram
3423 4439 3490 4488 ita
3513 4413 3620 4503 perss

2081 4515 2254 4573 cussit,
2280 4515 2336 4562 ut
2359 4511 2542 4562 sontem
2566 4509 2788 4560 emisisse
2813 4510 3010 4559 seratur.
3039 4512 3266 4559 Testatur
3296 4510 3619 4563 Antimachus

2078 4585 2156 4634 his
2179 4582 2341 4633 verbis
2366 4596 2378 4630 ε

2080 4671 2349 4727 Alacriter
2367 4670 2427 4724 in
2456 4670 2666 4740 nigram
2699 4674 2901 4723 terram
2922 4709 2936 4728 .
2974 4683 3194 4723 sursum
3225 4668 3398 4723 elatus
3418 4709 3432 4734 ‚

2077 4749 2288 4806 Pelides
2314 4751 2452 4804 navi
2476 4747 2680 4803 desiliit
2703 4747 2978 4820 pernicius
2999 4763 3161 4820 quam
3190 4748 3396 4815 circus3

2076 4830 2229 4902 cujus
2255 4834 2383 4884 ante
2414 4827 2575 4900 pedes
2596 4826 2719 4884 sons
2750 4833 2907 4883 ortus
2942 4831 3026 4883 est
3053 4827 3221 4899 jugiS.

2137 5017 2287 5071 Πλοῡς
2304 5012 2583 5076 (navigatio)
2607 5012 2669 5061 de
2683 4935 2896 5061 terreffr‘i
2917 5011 3089 5061 itinere
3108 5010 3234 5060 dixit
3254 5012 3574 5062 Antimachus
3587 5026 3615 5063 ε

2145 5095 2244 5149 His
2269 5094 2573 5148 silvestrem
2600 5092 3005 5162 navigationem
3035 5090 3416 5163 peragentibus
3436 5131 3449 5156 ‚

2072 5181 2119 5231 id
2142 5186 2247 5242 est,
2275 5201 2298 5224 κ
2322 5182 2412 5232 iter
2429 5195 2514 5245 per
2536 5181 2703 5231 silvas.
2730 5200 2754 5223 ιο

2787 5264 2883 5313 67.

2140 5339 2282 5395 Pilas
2307 5355 2369 5396 ex
2400 5339 2650 5397 manibus
2679 5338 2733 5395 in
2759 5339 3037 5413 scopulum
3067 5336 3384 5412 conjiciunt.
