4042 6067
212 444 229 496 t
765 423 950 485 PlShNDRl
970 419 1220 482 FRAGMENTA.

270 566 370 624 Ἱόῦτον
383 558 492 619 δ’άάτὸν
508 562 521 616 δ
533 558 628 634 δᾶμος,
643 558 677 621 ὡς
689 552 751 635 πάρ’
762 554 841 632 εἰδῇς,

272 669 361 729 ἕστατ’
377 667 481 739 ἐνθάδε,
496 663 607 743 Ιχάλκεον
622 659 724 731 ποτ’,τοις

272 776 377 838 πολλοῖς
389 771 468 849 gaola
482 768 572 828 ὄπισθε
589 770 748 837 sarracenis*

252 912 337 984 Quod
353 912 388 968 de
408 909 493 973 ἄθλοις
509 904 681 982 significavit
694 902 882 970 Theocritus,
901 921 975 977 prae-

157 1013 161 1021 '
213 1004 326 1080 eipuam
342 1010 453 1076 partem
470 1013 519 1053 eos
537 992 624 1050 luisse
645 1010 766 1067 pceseos
781 987 930 1057 Pisamlri,
946 988 975 1045 id

214 1091 373 1165 fragmenta
395 1083 532 1140 videntur
557 1080 735 1135 confirmare.
757 1076 841 1134 Cous.
863 1075 975 1133 Illiiller.

215 1180 283 1236 Dor.
296 1175 354 1231 vol.
369 1175 390 1243 l,
407 1174 434 1248 [ι’.
452 1178 517 1237 hil..
534 1165 706 1227 Plutarchus
720 1166 804 1241 (rllor.
816 1184 844 1240 p.
858 1163 975 1235 857‚F)‚

214 1262 385 1325 Pisandrum
401 1260 476 1317 inter
488 1256 623 1332 antiquos
637 1254 793 1329 scriptores
805 1271 900 1308 rerum
910 1253 977 1309 ller-

213 1354 285 1410 culis
300 1358 461 1413 uremurat,
486 1362 610 1422 quorum
629 1341 725 1398 nullus
744 1340 856 1396 noverit
872 1341 978 1397 llercu·

215 1445 268 1501 lem
286 1440 459 1519 d'gyptium.

253 1534 324 1603 Quae
338 1529 374 1586 de
386 1524 561 1586 carminibus
577 1521 698 1600 salso-ad
715 1519 887 1580 Pisandrum
904 1520 977 1577 rela-

214 1621 248 1679 tis
262 1617 366 1677 Suidas
381 1615 468 1673 rerba
487 1613 574 1683 lacit,
591 1608 743 1667 ostendere
765 1607 900 1665 videntur
919 1627 976 1663 non

214 1710 300 1765 luisse
313 1725 423 1784 pauca,
440 1703 565 1780 primum
577 1697 611 1757 τὰ
624 1695 652 1756 δὲ
666 1694 734 1754 ἄλλα
747 1699 799 1753 τῶν
811 1693 977 1772 ποιημάτων,
997 1697 1000 1734 ¹

214 1818 271 1854 uon
297 1796 354 1853 hoc
381 1793 426 1851 vel
452 1790 548 1860 illud3
577 1787 700 1859 deiude,
726 1783 853 1863 γινόμενα
879 1784 929 1842 ὑπό
949 1807 978 1841 τε

213 1886 298 1943 ἄλλων
312 1882 357 1942 καὶ
368 1877 514 1962 Ἀριστέως,
533 1897 588 1934 non
603 1876 704 1945 turios,
719 1874 768 1933 sed
783 1873 918 1951 plurium.
943 1874 979 1931 tit

214 1986 368 2054 supersunt
384 1974 543 2049 fragmenta
559 1988 624 2045 quac
643 1966 678 2024 ad
691 1964 858 2023 Heracleam
876 1964 977 2020 referri

215 2075 380 2142 nequeunt,
398 2070 529 2137 superest
546 2053 742 2114 memorabilis
762 2054 842 2110 locus
861 2054 975 2109 lllacro·

216 2153 273 2223 bii,
291 2151 382 2207 multo
397 2149 481 2205 etiarn
502 2145 590 2222 magis
613 2142 705 2199 aliena
720 2139 756 2197 ab
779 2140 828 2196 illo
845 2152 978 2216 poemate

215 2259 335 2298 tratrrans
352 2239 475 2313 (Saturn.
485 2235 518 2303 V,
534 2253 561 2302 a,
578 2253 606 2309 p.
619 2231 667 2307 62)
682 2252 688 2287 ε
705 2255 716 2279 ι
731 2229 921 2286 Dicturumne
933 2248 978 2285 me

216 2328 323 2405 putatis
339 2345 372 2382 ea
387 2343 451 2400 quae
472 2320 560 2395 vulgo
579 2331 646 2375 nota
668 2318 755 2374 sunt?
777 2315 856 2393 quod
878 2316 979 2373 'l'heo-

215 2417 321 2474 critum
336 2409 495 2488 (Virgilius)
515 2407 570 2465 sibi
597 2406 698 2465 iecerit
712 2404 863 2483 pastoralis
883 2404 979 2481 operis

214 2517 362 2562 auctorem
376 2504 387 2558 i
401 2542 408 2557 .
421 2544 448 2556 ..
481 2544 488 2558 .
504 2497 549 2573 rel
572 2494 651 2573 qnod
674 2493 851 2553 eversionem
872 2492 979 2571 Trojae,

215 2592 391 2651 ctrrnSiuone
403 2608 456 2645 sno
468 2600 496 2645 et
511 2606 587 2663 equo
599 2584 705 2660 ligneo,
715 2583 874 2659 ceterisque
888 2583 981 2639 omni-

137 2744 140 2750 ,
215 2681 268 2738 bus
299 2699 363 2757 quae
383 2676 488 2733 librum
516 2671 674 2731 secundum
699 2672 856 2741 iaciunt,a
875 2673 980 2729 Pison-

214 2772 264 2823 dro
274 2787 361 2842 ptem
375 2768 415 2820 ad
428 2765 539 2818 uerbum
553 2761 783 2833 transcripserit?
804 2759 853 2835 qui
869 2759 980 2833 (Pisan-

216 2856 277 2930 ‹lerl
302 2857 378 2912 iuter
390 2854 506 2911 Graecos
521 2861 621 2927 poetas
639 2848 744 2904 eminet
763 2866 851 2923 opere
870 2846 979 2923 quoda

216 2945 324 3021 nuptiis
342 2943 424 3001 Jovis
452 2953 481 2998 ct
502 2937 625 2997 lunonis
650 2936 808 3012 iucipiens,
831 2936 980 2994 universas

216 3032 370 3100 historias,
392 3049 456 3108 quae
478 3025 580 3084 mediis
603 3024 737 3081 omnihus
761 3023 871 3081 saeculis
891 3045 980 3099 usque

213 3126 253 3178 acl
264 3134 377 3177 (etatem
391 3123 481 3195 ipsius
494 3117 631 3182 Pisqrrdri
643 3115 836 3191 contigerunt,
852 3113 880 3169 in
894 3133 978 3171 ntrarm

215 3214 315 3270 seriem
331 3224 445 3268 coactas
464 3206 621 3284 redegerit,
645 3218 673 3262 et
695 3225 783 3263 unutu
805 3224 840 3262 cx
861 3205 980 3264 diversis

216 3299 343 3358 hiatibus
365 3312 528 3375 temporum
554 3314 661 3372 corpus
687 3293 842 3351 effecerit?
867 3294 896 3350 iu
921 3315 980 3371 qno

216 3408 304 3465 opere
328 3388 403 3444 inter
423 3384 558 3457 historias
581 3396 690 3440 ceteras
710 3381 842 3439 interitus
863 3402 980 3459 quoque

215 3478 240 3534 T
243 3475 310 3552 rojae
326 3476 353 3530 in
374 3474 450 3531 hunc
463 3470 579 3529 modum
596 3470 703 3528 relatus
718 3484 792 3527 est.»
809 3470 860 3527 llla
874 3469 910 3527 dc
922 3492 980 3528 car·

216 3565 291 3620 ruine
307 3561 439 3620 Pisandri
459 3559 598 3618 «atovis
619 3571 647 3616 ct
664 3559 785 3617 lunonis
802 3558 911 3634 nuptiis
932 3560 979 3615 iu-

215 3650 341 3725 cipiente
355 3678 365 3700 »
380 3651 440 3707 haee
453 3649 549 3707 Suidae
561 3647 709 3724 appellant
726 3645 761 3703 dc
773 3645 864 3703 altero
877 3647 978 3704 Pisan-

216 3736 269 3792 dro
283 3736 379 3791 dieta:
393 3734 568 3814 Πείσανδρος,
584 3732 713 3812 Νέστορος
729 3739 774 3791 τοῦ
791 3739 901 3804 ποιητοῦ
917 3734 979 3807 υἱὸς,

216 3818 403 3901 ,tepescebat
419 3820 546 3884 Λυκάνιος
566 3822 619 3890 ,εἰς
634 3822 736 3897 optimi
753 3819 885 3879 codices:
903 3838 979 3880 recte

216 3910 387 3969 Gaislordns
410 3905 572 3971 Λυκαόνιοςε
593 3927 658 3963 uam
684 3907 744 3982 ejus
768 3920 875 3965 tractos
898 3924 980 3967 erant

216 3999 376 4074 Laranda),
398 3994 509 4075 γεγονὼς
527 3993 570 4052 ἐπὶ
596 3992 760 4073 Ἀλεξάνδρου
787 3993 914 4072 βασιλέως
935 4004 979 4055 τοῦ

217 4085 345 4161 Μαρκίοις
359 4084 465 4151 παιδὸς,
476 4080 597 4147 ἐποποιὸς
608 4081 652 4139 καὶ
666 4079 749 4146 αὐτός.
765 4079 900 4162 Ἐγροιψεν
913 4084 979 4142 icco·

216 4172 281 4253 ρίαν·
289 4172 409 4243 ποικίλην
428 4170 461 4229 δι’
474 4172 558 4244 ἐπῶν,
572 4168 604 4239 ἣν
617 4167 755 4250 ἐπιγράφει
767 4165 902 4250 Ἡραῖκῶν
916 4169 978 4248 (sic)

215 4258 376 4337 θεογοιμίων,
400 4260 426 4315 ἐν
444 4255 553 4337 βιὸλίοις
574 4254 616 4324 ἐξ·
633 4255 677 4314 καὶ
697 4257 765 4314 ἄλλοι
785 4256 977 4334 καταλογάδην.

214 4347 270 4405 Sed
297 4360 411 4424 poetam
434 4345 489 4404 sub
511 4344 676 4404 Alexandro
702 4348 808 4403 Severo
835 4345 977 4403 viventem

216 4435 350 4512 Virgilius
364 4436 471 4492 imitari
488 4455 545 4490 non
568 4445 701 4510 poterat:
725 4431 762 4490 ab
785 4433 876 4491 altera
898 4448 979 4510 parte

214 4525 334 4599 ἡρωϊκῶν
359 4520 505 4598 θεογαριίων
529 4520 603 4579 liber
619 4520 691 4578 adeo
706 4533 790 4597 aptus
808 4534 851 4578 est
870 4520 979 4579 descri-

216 4611 308 4685 ptioni
322 4608 530 4678 Macrobiauae‚
549 4622 581 4665 ut
595 4610 699 4666 nririrm
716 4610 840 4667 maxime
860 4610 934 4667 soret
956 4612 977 4666 si

217 4698 422 4776 intelligeretur
433 4697 515 4755 alius.
531 4697 580 4754 Vel
595 4697 727 4754 codicum
739 4698 837 4758 Suidae
848 4699 976 4755 onmium

216 4788 355 4863 scriptura
370 4789 486 4865 ἠραϊκῶν
507 4786 636 4862 prosecta
646 4784 739 4842 videri
756 4799 851 4861 potest
863 4786 899 4843 ab
912 4787 976 4863 ipso

286 4953 364 5005 Hunc
381 4967 444 5004 vcro
457 4950 545 5020 ipsum
563 4949 695 5020 populere,
711 4953 741 5003 ut
750 4954 826 5005 certo
842 4949 928 5018 scias,

284 5029 426 5084 collocarit
440 5028 497 5092 hic,
510 5043 615 5084 aeneum
633 5043 753 5099 ponens,

286 5108 379 5162 multis
399 5106 537 5160 ruensibus
553 5111 615 5177 post
632 5111 658 5159 et
674 5107 761 5160 aunis.

246 5184 374 5246 Pisander,
386 5184 492 5235 Nestoris
505 5190 581 5247 pruriat
594 5184 670 5242 lilius,
685 5184 861 5244 Larandeusis‚
876 5189 919 5232 aut
933 5188 976 5246 Ly·

216 5254 331 5315 monins,
350 5257 391 5317 qui
410 5255 472 5304 sirit
494 5254 639 5316 temporibus
661 5253 790 5303 ¹alexandri
807 5254 973 5316 irnperator'rs,
995 5241 1000 5297 i

1022 553 1229 631 compilatore,
1243 550 1293 630 qui
1309 550 1386 629 apud
1400 550 1576 629 Hesychium
1588 543 1721 611 'fortasse
1733 554 1786 612 hh·

1020 640 1119 698 lesium
1135 641 1242 718 legeret
1253 641 1374 721 ἡρωϊκῶν
1389 638 1661 719 ἰΙΙοιιιιιιθεογοιμίων
1673 642 1787 700 initium

1020 730 1107 788 fuisse
1129 727 1216 809 Ἥρας
1237 728 1282 787 καὶ
1302 724 1363 794 Διὸς
1384 725 1493 806 γάμοις
1515 749 1581 787 nam
1609 729 1787 791 vocabulum

1020 816 1132 895 ἡρωϊκός
1157 817 1277 875 fortuito
1299 814 1486 875 librariorum
1513 836 1660 875 consensu
1682 816 1787 879 abiisse

1021 906 1050 962 in
1065 926 1165 965 rocem
1183 905 1342 963 inauditam
1359 905 1424 983 quis
1437 904 1560 963 credat?
1581 905 1680 976 (aude
1695 905 1789 985 dispu-

1021 1006 1079 1052 tata
1090 993 1127 1053 ab
1136 995 1257 1070 Heynio,
1273 993 1400 1051 Excursu
1415 994 1548 1069 linVirg.
1557 998 1622 1052 AEn.
1635 995 1680 1063 ll,
1694 1014 1722 1071 p.
1732 998 1788 1054 316

1020 1102 1063 1159 sq.
1076 1082 1122 1141 ed.
1136 1080 1238 1158 Paris.)
1256 1079 1406 1139 lllacrobio
1422 1080 1532 1139 accedit
1542 1082 1681 1140 Zosimus
1700 1085 1790 1154 testis,

1021 1170 1128 1225 Hister.
1142 1169 1177 1234 V,
1195 1188 1253 1243 29:
1270 1209 1278 1224 .
1292 1212 1298 1226 .
1312 1171 1339 1225 ,ὁ
1352 1165 1462 1239 ποιητὴς
1478 1167 1643 1248 Πείσανδρος
1659 1172 1674 1227 ὁ
1689 1173 1724 1249 τῇ
1738 1174 1789 1231 τῶν

1022 1253 1159 1335 Ἡρωῖκῶν
1171 1254 1330 1332 Θεογοιμίων
1338 1257 1469 1337 ἐπιγραρῇ
1482 1266 1571 1314 πᾶσαν
1583 1259 1619 1322 ῶς
1631 1258 1715 1317 εἰπεῖν
1723 1261 1792 1319 ἱστο-

1022 1341 1079 1421 ρίαν
1095 1341 1320 1423 παραλαμάάνων.

1060 1432 1167 1488 Verum
1180 1450 1239 1487 non
1256 1429 1392 1489 morabor
1403 1430 1541 1489 lectorem
1554 1432 1731 1490 enarrandis
1742 1432 1792 1491 dii-

1023 1517 1213 1589 heultatibus,
1236 1519 1281 1577 vel
1297 1519 1410 1594 Heynio
1427 1518 1706 1595 inexplicabilibus,
1724 1522 1791 1597 qui-

1022 1604 1136 1663 basilla
1151 1606 1187 1664 de
1207 1605 1353 1665 Pisandris
1370 1606 1490 1683 quaestio
1504 1604 1714 1683 premebatur,
1739 1629 1790 1665 an·

1023 1707 1138 1773 tequam
1151 1694 1319 1752 Welekerus
1336 1692 1387 1770 (de
1400 1694 1488 1769 Cyclo
1506 1694 1593 1770 epico
1616 1715 1648 1771 p.
1667 1716 1703 1771 97
1718 1698 1792 1774 sqq.)

1023 1784 1130 1839 exitum
1143 1803 1180 1840 cx
1193 1783 1248 1839 illis
1267 1779 1437 1859 ambagibus
1450 1794 1630 1840 monstraret
1643 1804 1650 1838 ι
1670 1787 1718 1841 cui
1732 1787 1792 1842 siro

1023 1870 1303 1946 praestantissimam
1318 1891 1370 1947 per
1384 1870 1479 1926 omnia
1494 1872 1701 1943 assentiamur,
1726 1874 1792 1930 lacit

1023 1972 1051 2015 et
1070 1959 1111 2015 rei
1129 1972 1251 2031 natura,
1270 1970 1298 2016 et
1315 1958 1546 2016 testimoniorum
1564 1959 1609 2016 ris
1624 1973 1705 2018 recte
1718 1961 1792 2017 aesti-

1024 2060 1116 2123 urata,
1132 2059 1160 2103 et
1181 2047 1237 2104 alia
1260 2047 1289 2103 iu
1313 2046 1375 2103 istis
1396 2045 1514 2118 rivulis,
1531 2046 1611 2104 unde
1634 2047 1791 2105 multorum

1023 2135 1196 2211 scriptorum
1214 2135 1341 2211 cognitio
1356 2131 1441 2190 nobis
1456 2133 1617 2192 haurienda
1630 2148 1689 2207 cst,
1705 2136 1792 2194 simili

1025 2223 1110 2279 modo
1123 2224 1244 2294 inversa,
1255 2224 1593 2295 contaminata,c0nsusa.
1602 2225 1710 2283 Paucis
1725 2245 1793 2303 quas

1024 2313 1071 2371 ille
1084 2314 1218 2390 exposuit
1241 2313 1471 2390 complectimur.

1065 2402 1180 2458 l'eteres
1192 2401 1283 2458 critici
1300 2420 1335 2458 ex
1356 2400 1551 2471 carminibus,
1571 2420 1637 2479 quae
1658 2402 1793 2460 Pisandn'

1024 2489 1140 2547 nominc
1154 2487 1336 2561 ferebantur,
1348 2490 1515 2548 Heracleam
1529 2489 1622 2547 solam
1633 2489 1793 2548 Camirensi

1025 2576 1211 2648 tribuebant3
1238 2579 1346 2655 reliqua
1360 2598 1415 2656 pro
1433 2580 1542 2656 spuriis
1559 2576 1730 2638 habebant:
1745 2579 1792 2637 sed

1024 2688 1082 2724 uon
1099 2687 1189 2744 pauca
1206 2667 1394 2725 inveniuntur
1414 2668 1495 2744 apud
1517 2668 1727 2745 grammaticos
1745 2667 1792 2725 do·

1024 2768 1086 2813 ctos
1099 2768 1128 2812 et
1142 2754 1306 2813 recentibus
1318 2755 1401 2813 libris
1414 2757 1532 2814 minime
1544 2769 1664 2815 utentes
1674 2776 1792 2815 comme·

1025 2858 1136 2901 morata
1150 2864 1185 2901 ex
1206 2843 1346 2901 Pisandro
1361 2843 1468 2921 quibus
1484 2845 1567 2903 locus
1594 2864 1660 2903 esse
1675 2865 1732 2903 non
1745 2865 1792 2922 po·

1026 2944 1099 2989 terat
1114 2932 1143 2988 in
1156 2932 1312 3002 Heraclea;
1330 2933 1442 2990 accedit
1457 2952 1533 3010 opus
1550 2932 1590 2991 ab
1603 2932 1754 2992 Macrobio
1764 2945 1791 2989 ct

1025 3021 1141 3078 Zosimo
1163 3020 1354 3095 delineatum,
1381 3041 1417 3078 nc
1432 3020 1525 3097 ipsum
1543 3023 1667 3099 quidem
1690 3041 1790 3090 recens,

1026 3122 1125 3186 utpote
1153 3109 1264 3186 Virgilii
1289 3109 1444 3186 exeurplar.
1472 3110 1535 3167 lloc
1557 3131 1636 3188 opus
1659 3108 1790 3191 Ἧρὸιῑκῶν

1024 3194 1181 3273 Oto-supleat
1210 3215 1267 3257 uon
1297 3208 1412 3273 poterat
1432 3216 1494 3254 csse
1506 3197 1704 3258 larendensis
1718 3198 1790 3254 istius

1026 3284 1169 3353 Pisandri‚
1193 3284 1358 3341 Alexandro
1376 3286 1486 3343 Severo
1499 3287 1641 3362 aequalis:
1658 3306 1723 3344 nam
1733 3305 1791 3364 per·

1024 3380 1132 3457 scripta
1146 3379 1187 3437 ibi
1207 3393 1289 3437 erant
1304 3405 1316 3430 ι
1330 3399 1394 3456 quae
1408 3400 1497 3455 usqae
1515 3384 1561 3436 ad
1572 3396 1692 3439 ceratem
1710 3385 1791 3457 ipsein

1024 3471 1162 3525 Pisandri
1188 3469 1416 3545 contigerunt3n
1442 3468 1503 3525 haec
1527 3468 1620 3528 rerba
1641 3484 1670 3529 et
1693 3469 1790 3529 erroris

1024 3557 1216 3632 suspicionem
1241 3576 1355 3613 omnem
1371 3568 1522 3613 removent
1544 3578 1561 3614 a
1580 3557 1729 3616 lllacrobio
1741 3598 1750 3626 ,
1764 3568 1791 3613 ct

1023 3644 1246 3720 explic-ationem
1281 3644 1433 3721 porrigunt
1475 3645 1518 3702 rei
1554 3647 1718 3723 permira:
1745 3640 1790 3722 qui

1025 3732 1131 3788 lactum
1166 3733 1203 3789 sit
1237 3745 1268 3789 nt
1298 3731 1457 3801 Pisander,
1495 3753 1588 3810 quem
1628 3734 1790 3793 confitentur

1024 3838 1123 3876 omnes
1138 3820 1261 3897 plurima
1278 3820 1306 3876 in
1324 3817 1410 3877 rebus
1423 3820 1559 3879 herculis
1577 3823 1729 3880 innovasse
1739 3833 1807 3879 eta·

1024 3908 1127 3983 priscis
1149 3907 1241 3984 poetis
1266 3907 1450 3977 discessisse,
1474 3908 1672 3969 nihilominus
1691 3930 1708 3967 a
1730 3909 1788 3986 qui·

1023 3993 1143 4052 busdam
1160 3994 1317 4053 haberetur
1332 3995 1466 4073 Eumolpi
1481 3996 1608 4073 aequalis
1621 4012 1651 4057 et
1665 3998 1787 4063 amasius,

1024 4082 1060 4139 ab
1077 4084 1140 4140 aliis
1163 4083 1290 4141 llesiodo
1311 4083 1469 4160 antiquior.
1499 4084 1650 4145 Nimirum
1671 4083 1788 4147 Pseudo-

1025 4171 1162 4247 pisander
1182 4173 1211 4229 iu
1232 4172 1288 4230 line
1310 4173 1418 4228 heroici
1439 4171 1493 4229 aevi
1514 4192 1579 4231 sese
1599 4175 1788 4233 constituerat.

1025 4260 1095 4330 Quae
1112 4279 1156 4316 res
1179 4259 1302 4317 vicissim
1317 4259 1468 4317 confirmat
1483 4273 1514 4318 et
1534 4259 1574 4319 de
1593 4262 1704 4321 Zosimi
1717 4265 1788 4339 ἡρυῑ·

1023 4355 1077 4412 κοῖς
1096 4346 1242 4423 ὓεογαμίοις
1262 4348 1343 4425 loqui
1366 4344 1570 4420 lllacrobiurn,
1593 4363 1625 4409 et
1643 4347 1787 4429 suppositi·

1025 4434 1096 4490 tium
1115 4434 1201 4492 luisse
1216 4434 1273 4492 hoc
1288 4454 1371 4512 opus.
1395 4436 1460 4493 lam
1481 4455 1541 4493 non
1563 4458 1685 4498 necesse
1704 4449 1744 4497 est
1757 4434 1787 4493 de

1025 4542 1059 4579 eo
1074 4522 1215 4581 Pisandro
1234 4523 1356 4580 sollicite
1382 4542 1535 4601 quaerere,
1560 4547 1692 4604 quocum
1704 4530 1784 4601 lup·

1025 4608 1091 4684 μίων
1106 4612 1277 4689 scriptorem
1289 4612 1392 4670 Suidas
1408 4611 1589 4672 confuderit.
1610 4616 1712 4675 Codex
1724 4611 1786 4673 Pari
1823 4651 1825 4658 ι

1024 4700 1141 4757 siunsB
1163 4699 1241 4777 apud
1262 4699 1469 4767 Gaisfordnm‚
1492 4700 1554 4759 duo
1577 4704 1705 4763 Parisini
1721 4696 1783 4780 apul

1027 4788 1180 4845 Kusterum
1195 4786 1324 4865 praebent
1342 4788 1368 4846 lv
1382 4785 1494 4867 βιὸλίοις
1505 4809 1567 4849 ιιοιι
1588 4788 1632 4869 st,
1644 4793 1697 4854 sed
1710 4789 1737 4862 ξ’,
1746 4791 1783 4858 6⁰,

1024 4953 1132 5000 Mamaea
1154 4949 1196 4999 titii
1208 4965 1215 4998 ι
1228 4956 1299 5013 poeta
1321 4952 1404 5015 epicos
1426 4953 1532 5016 etipse.
1552 4957 1660 5020 Scripsit
1677 4957 1780 5008 hittun!

1022 5090 1046 5149 (i.
1059 5103 1091 5151 e,
1104 5094 1130 5139 ut
1147 5090 1251 5153 ridetur,
1269 5104 1307 5141 res
1336 5092 1439 5142 heroum
1461 5092 1522 5143 tnde
1537 5108 1555 5145 ιι
1571 5027 1778 5161 deornm

1021 5160 1317 5280 pparliisoppxsplsptraepotius
1328 5161 1463 5225 aragiso)
1477 5169 1646 5218 constantem
1665 5171 1723 5219 ltcm
1732 5163 1775 5221 ὑ,

1024 5020 1114 5069 νοτίοιο
1132 5020 1250 5082 versibus,
1266 5035 1340 5084 quam
1363 5022 1487 5085 inscripsit
1509 5027 1628 5077 Hernico
