4042 6067
222 514 258 567 to
767 498 983 560 aurittacttt
1003 498 1247 559 FRAGMENTA.

223 634 339 695 decreti
357 630 527 713 genitalibus
544 652 560 689 a
577 634 672 691 Crono
690 629 748 688 lilio
770 631 899 687 exsectis.
921 634 953 688 V.
971 650 984 685 1
1030 631 1194 711 παραμύθιον
1216 635 1262 702 τῆς
1281 629 1365 703 λύπης
1386 632 1456 713 αὑτῷ
1476 632 1583 704 ἐποίησε
1606 633 1653 693 τίν
1674 636 1792 713 ἐλέγειαν

225 736 301 783 recte
318 720 564 796 Schelleubergius
584 716 673 796 λέχρις
694 718 792 795 (quod
814 718 914 775 melius
932 717 987 774 hoc
1030 718 1078 788 τὴν
1090 718 1253 797 καλουμένην
1267 722 1376 789 Arana,
1391 718 1627 799 ἐξαριθμησάμενος
1644 721 1691 790 τὰς
1705 729 1792 806 ipat·-
1890 724 1891 730 ’

224 811 287 868 loco
299 828 384 887 quum
397 806 510 886 λέχρια),
522 806 572 864 i.e.
586 807 704 880 oblique,
720 806 750 862 ἐκ
761 803 883 882 πλαγίου,
898 816 930 861 ut
940 823 987 861 ex·
1031 802 1077 871 κάς
1097 806 1245 887 συμφοράς,
1268 816 1321 872 τοῖς
1339 807 1482 886 ἀλλοτρίοις
1506 818 1594 876 κακοῖς
1617 810 1719 869 ἐλάττω
1743 812 1798 884 τὴν·

225 898 307 972 ponit
327 896 414 953 schol.
431 893 523 971 tpott.
541 891 594 950 tth.
613 892 667 962 lll,
689 894 756 949 228.
775 891 867 950 Codd.
888 892 985 969 λέχρια.
1032 895 1123 951 ἑαυτοῦ
1143 897 1224 951 ποιῶν
1242 892 1336 965 λύπην.
1358 894 1450 972 (Coni.
1474 897 1558 953 etiam
1581 898 1683 957 Athen.
1707 901 1793 970 h‘lll,

225 984 268 1039 lie
286 983 381 1042 Urano
397 980 529 1038 hemonis
546 978 603 1035 irlio
620 977 695 1035 coni.
711 978 840 1037 Eustatir.
856 997 885 1053 p.
903 978 986 1046 1154,
1033 1001 1060 1056 p.
1077 984 1145 1055 597,
1164 983 1208 1055 t).
1229 984 1289 1039 lloc
1301 1002 1416 1039 carmen
1435 1003 1561 1040 amorem
1583 987 1746 1044 Antimaciri
1764 1003 1794 1044 et

225 1072 272 1143 23,
289 1070 432 1129 hicmanis
449 1069 619 1127 anctoritate
638 1080 774 1125 utentem.
791 1067 918 1125 Verbum
936 1068 985 1124 ἀν·
1031 1067 1125 1143 Lydes
1145 1069 1312 1126 saeculorum
1338 1071 1481 1127 memoriae
1506 1073 1716 1129 commendavit
1738 1096 1745 1128 :
1766 1094 1791 1131 r.

223 1155 356 1216 attimaro
370 1157 393 1215 si
406 1156 525 1236 proprie
536 1155 733 1233 accipiendum
753 1167 804 1227 est,
822 1156 923 1211 Contra
943 1156 985 1211 rel
1031 1154 1113 1212 Ovid.
1129 1155 1214 1213 'frist
1226 1157 1255 1229 1,
1266 1158 1293 1227 6,
1309 1176 1338 1224 ¹3
1355 1157 1541 1234 Posidippum
1556 1158 1584 1214 in
1601 1159 1717 1216 Authol.
1729 1161 1791 1218 Pal.

224 1270 261 1306 ex
270 1251 390 1305 adverso
401 1259 523 1303 structus
538 1248 617 1319 suit,
632 1245 784 1304 ostendere
808 1245 921 1301 ridetur
938 1244 987 1301 de·
1031 1241 1099 1314 llll,
1120 1244 1183 1314 168,
1208 1243 1394 1321 Asclepiaden
1408 1244 1478 1304 ibid.
1498 1246 1552 1317 tx,
1567 1247 1620 1314 63;
1636 1247 1686 1303 scd
1706 1246 1794 1323 hujus

224 1336 309 1394 scribi
325 1334 363 1393 ab
376 1335 544 1394 Antimacho
562 1335 656 1391 iocum
672 1334 773 1392 statuis
788 1345 928 1391 ornatum.

263 1517 473 1596 ScriptorVitae
488 1517 565 1575 Arati
574 1560 584 1590 ,
598 1518 627 1575 in
645 1514 765 1595 ἐξηγήσει
784 1516 819 1573 ad
834 1537 860 1573 v.
877 1519 910 1574 15
934 1537 986 1593 sq.,

226 1605 325 1684 Χαῖρε,
338 1603 433 1684 πάτερ,
490 1600 566 1669 eorl<
578 1602 624 1663 καί
642 1602 756 1685 προτέρη
769 1601 861 1682 γενεή,
882 1624 909 1681 p.
929 1613 983 1672 441

225 1692 309 1750 Bultl.
322 1690 416 1751 t'Hcot
425 1693 449 1749 oi
459 1694 576 1757 Τιτᾶνες.
590 1686 667 1757 Ἴσως
679 1690 724 1749 καί
737 1688 810 1772 παρά
822 1688 985 1772 Ἀντιμάχῳ·

260 1788 390 1872 Γηγενέας
399 1781 428 1846 τέ
439 1783 511 1853 θεοὺς
524 1782 728 1864 προτερηγενέας
742 1782 867 1849 Τιτῆνας.

224 1900 356 1962 Correxit
368 1893 612 1956 Sclrueidewinus.
630 1890 721 1964 Vulgo
733 1909 809 1965 πρυτ.
821 1884 983 1950 vaticinor.

263 2069 448 2129 Choerobosc.
468 2071 497 2128 in
514 2073 633 2130 Bekkeri
654 2070 761 2130 Anecd.
779 2090 808 2146 p.
829 2072 901 2146 1393
920 2094 927 2128 :
946 2070 986 2132 Τὸ

225 2156 320 2217 Λάδων
335 2156 402 2235 (ἔστι
417 2155 444 2214 δὲ
464 2156 547 2235 ὄνομα
560 2160 691 2236 ποταμοῦ)
708 2155 758 2215 indo
773 2155 930 2236 Ἀντιμάχου
944 2158 986 2218 διὰ

225 2250 269 2303 τοῦ
279 2245 424 2303 ωκέκλιται
432 2244 573 2324 ἀναλόγως,
584 2237 636 2304 οἷον
648 2242 809 2309 «Λάδωνος»
817 2246 898 2306 Cotti.
909 2248 987 2305 Pau-

224 2352 283 2391 san.
297 2334 377 2404 Vlll,
397 2332 444 2404 25,
461 2341 487 2400 t.

263 2429 370 2487 Praeter
383 2428 445 2486 haec
461 2429 491 2485 in
507 2429 656 2488 Thebaide
672 2431 765 2487 locum
780 2427 885 2488 habere
901 2443 986 2508 pote-

224 2527 288 2573 rant
305 2517 463 2592 fragmenta
485 2516 594 2575 incerta
611 2518 658 2587 66,
680 2517 727 2591 69,
745 2536 792 2588 71,
816 2519 862 2591 73,
876 2522 923 2589 80,
937 2518 985 2591 tt,

223 2623 271 2679 90,
290 2624 355 2674 111,
370 2603 446 2680 quod
460 2604 489 2660 iu
502 2605 571 2682 ipsis
586 2603 707 2663 ostendi.

550 2804 659 2861 at'ttt.

264 2899 448 2958 Antimachus
476 2901 569 2978 Lydes
597 2920 695 2958 amore
723 2915 873 2979 correptus
896 2905 984 2963 Colo-

222 2985 319 3061 phone
330 2987 428 3045 relicta
441 2990 470 3045 in
486 2990 619 3065 Lydiam,
633 2990 751 3046 fortasse
765 2989 903 3047 Sardibus
915 2991 984 3069 ipsis
1072 3037 1078 3049 .

222 3071 380 3131 habitatum
413 3075 493 3133 abiit.
516 3076 586 3134 inde
616 3088 681 3152 post
713 3089 832 3133 mortem
858 3078 933 3135 illins
953 3080 982 3136 in

220 3163 340 3238 patriam
356 3162 441 3220 rediit
455 3176 482 3221 et
497 3164 627 3221 dolorem
641 3163 796 3239 elegiarum
820 3163 900 3222 libris
916 3166 984 3223 scri-

220 3246 322 3307 bendis
347 3249 503 3308 solabatur.
530 3253 633 3311 Narrat
646 3250 702 3307 hoc
726 3252 931 3311 Hermesiauax
955 3255 982 3312 in
1047 3301 1053 3314 .

221 3335 405 3394 celeberrima
417 3338 521 3416 Elegia,
536 3360 561 3396 v.
581 3348 613 3407 tr
626 3356 705 3415 sqq.:

260 3448 347 3522 Λύδης
362 3451 384 3509 δ’
399 3450 551 3532 Ἀντίμαχος
564 3446 694 3523 Λυσηίδος
706 3454 734 3510 ἐκ
752 3449 798 3529 μέν
811 3450 903 3531 ἔρωτος

299 3558 406 3636 πληγείς
417 3561 564 3619 Πακτωλοῦ
579 3559 651 3640 ῥεῦμ’
665 3556 748 3629 ἐτέθη
762 3562 892 3635 ποταμοῦ.

261 3661 409 3740 Σαρδιανὴν
424 3645 451 3720 δέ
465 3667 593 3723 θανοῦσαν
606 3663 657 3722 ὑπὸ
669 3660 748 3745 ξηρὴν
762 3660 820 3720 θέτο
832 3671 923 3742 γαῖαν,

300 3762 424 3841 Τμώλιον
440 3764 527 3832 αἴζαον
542 3768 564 3824 δ’
577 3760 653 3839 ἦλθεν
668 3764 855 3847 ἀποπρολιπὼν

259 3868 341 3951 ἄκρην
355 3870 380 3935 ἐς
395 3870 557 3949 Κολορῶνα,
570 3870 639 3949 γύων
655 3872 677 3928 δ’
691 3870 851 3942 ἐνεπλήσατο
867 3871 971 3950 βίθλους

298 3972 368 4055 rpite,
383 3976 412 4032 ἐκ
426 3974 521 4041 παντὸς
534 3973 701 4052 παυσάμενος
717 3974 847 4052 καμάτου.

219 4094 256 4152 Et
273 4094 446 4153 Plutarchus
466 4075 670 4152 Consolatione
693 4093 729 4150 ad
752 4094 932 4170 ›ipollonium
951 4114 978 4170 p.

222 4182 286 4253 τοῦ,
309 4183 329 4239 Β
349 4201 355 4235 :
375 4178 530 4259 Ἀντίμαχος
551 4185 565 4239 ὁ
584 4179 709 4252 ποιητὴς,
728 4178 907 4252 ἀποθανούσης
931 4183 979 4251 τῆς

217 4267 336 4345 γυναικὸς
355 4270 433 4326 αὐτοῦ
454 4268 556 4340 Λύδης,
576 4268 639 4348 πρὸς
660 4269 691 4340 ἣν
712 4267 886 4349 φιλοστόργους
905 4257 976 4345 εἶχε,

251 4544 326 4596 Deos
340 4558 370 4596 ex
386 4546 458 4598 terra
480 4481 669 4618 uatosiltiiios
691 4544 799 4617 genitos
814 4545 934 4602 Titanas.

573 4636 620 4683 tt.

246 4704 351 4755 Ladonis
366 4706 601 4773 (irradiemur).

509 4809 694 4833 ...σο-η

537 4888 650 4946 LYDE.

245 4984 407 5048 tydeanyset
414 4986 478 5046 filie,
486 5001 567 5038 amore
577 5000 707 5051 percussus
713 4988 870 5039 Antimachus
885 4988 915 5037 ad
933 4992 974 5038 Pa·

213 5053 974 5120 ctoiiiiuentateudit.Ubiquumdeiunctamsnbsardianaarida

213 5125 276 5171 terra
285 5125 468 5186 composuisset,
479 5126 557 5176 Tmoli
567 5139 621 5176 arce
629 5126 718 5184 relicta,
728 5125 892 5188 proiectusest
904 5125 929 5173 in
937 5127 969 5175 ai·

213 5192 264 5238 tam
277 5190 455 5263 colophonem
467 5199 491 5244 et
503 5196 577 5245 libros
588 5208 670 5245 sacros
686 5195 790 5257 querelis
806 5193 925 5257 implerit,
935 5196 971 5245 sic

213 5256 245 5307 ab
254 5268 317 5308 omnt
333 5260 415 5314 dolore
426 5267 533 5313 sanatus.

1032 1330 1093 1405 ipsa
1112 1330 1196 1387 verba
1213 1331 1361 1389 reserenda
1375 1344 1459 1390 sunt:

1031 1440 1104 1514 Λύδη
1118 1440 1163 1500 καὶ
1174 1440 1246 1521 γένος
1260 1442 1314 1520 εἰμί
1330 1443 1374 1502 καί
1389 1442 1502 1521 οὔνομα,
1518 1448 1569 1503 τῶν
1585 1445 1606 1503 δ’
1620 1444 1673 1504 ἀπὸ
1689 1446 1792 1528 Κόδρου

1070 1545 1212 1629 σεμνοτέρη
1222 1552 1314 1606 πασῶν
1326 1547 1380 1626 είμλ
1392 1549 1425 1605 δι’
1438 1547 1601 1628 Ἀντίμαχον.

1031 1650 1079 1718 Τίς
1093 1650 1143 1734 γάρ
1158 1649 1200 1730 ἔμ’
1213 1655 1261 1710 οὐκ
1273 1651 1360 1727 vietum
1374 1652 1411 1720 τίς
1424 1655 1470 1711 οῦκ
1486 1653 1623 1721 ἀνελέξατο
1638 1652 1727 1725 Λύδην

1069 1756 1099 1815 τὸ
1113 1756 1184 1825 ξυνὸν
1198 1760 1311 1818 Μουσῶν
1324 1763 1434 1839 γράμμα
1450 1760 1494 1818 καί
1509 1758 1683 1840 Ἀντιμάχου;

1031 1863 1094 1920 Non
1106 1862 1204 1938 elingit
1218 1874 1312 1921 tamen
1322 1863 1379 1919 hoc
1399 1883 1510 1920 carmen
1524 1864 1736 1940 quantumlibet
1746 1887 1795 1922 ce·

1031 1948 1172 2006 lebratum
1193 1961 1290 2007 notam
1309 1950 1493 2007 acrimoniam
1507 1952 1688 2023 Callimachi,
1710 1975 1792 2008 cros-
1868 2014 1870 2019 ,

1029 2058 1090 2093 suan
1098 2051 1126 2093 et
1134 2040 1366 2094 minimeocntnm
1378 2039 1420 2095 sel
1431 2042 1544 2115 elegans
1553 2040 1683 2098 dicentis.
1693 2041 1790 2100 Scirol.

1031 2126 1160 2201 Dionysii
1181 2128 1290 2203 Perieg.
1310 2128 1372 2185 init.
1382 2148 1408 2203 p.
1425 2128 1532 2198 317,ar
1553 2128 1672 2186 Beroia:
1688 2126 1790 2187 Ὀτιδὲ

1012 2211 1200 2284 ’διαθέύληται
1213 2211 1243 2271 τὸ
1260 2213 1348 2292 παχύ,
1366 2216 1483 2294 σαρῶςὸ
1501 2213 1670 2293 Καλλίμαχος
1686 2216 1713 2271 ἐν
1733 2224 1791 2280 τοῖς

1031 2299 1234 2380 Ἐπιγράμμασι
1263 2301 1353 2373 δηλοῖ·
1374 2298 1502 2381 διασύρων
1521 2298 1569 2381 γάρ
1587 2300 1744 2381 Ἀντιμάχου
1758 2303 1790 2360 τὸ
1825 2335 1832 2353 ·

1029 2386 1132 2465 ποίημα
1146 2385 1193 2458 τὴν
1207 2385 1309 2460 Λύδην,
1324 2385 1372 2469 ἔρη
1389 2388 1432 2465 (ic.
1448 2390 1531 2464 titi·

1127 2490 1201 2565 Λάδη
1216 2491 1260 2551 καί
1270 2492 1343 2572 παχύ
1356 2492 1466 2574 γράμμα
1480 2492 1524 2551 καί
1538 2495 1566 2551 οὗ
1581 2491 1664 2573 τορύν.

1032 2599 1142 2655 Desunt
1163 2598 1273 2674 reliqua
1298 2598 1524 2678 epigrammatis,
1548 2598 1577 2654 in
1597 2597 1703 2674 quibus
1720 2600 1790 2660 Pla·

1030 2686 1104 2743 tonis
1118 2686 1154 2742 de
1173 2686 1343 2743 Antimacho
1357 2686 1498 2762 judicium
1513 2686 1703 2744 Callimachus
1722 2708 1790 2764 per-

1029 2774 1176 2831 strinxisse
1194 2773 1322 2843 videtur-3
1341 2773 1528 2851 probabiliter
1546 2774 1602 2831 hoc
1623 2775 1739 2853 colligas
1753 2796 1788 2833 ex

1029 2862 1124 2921 Procli
1138 2859 1233 2919 verbis
1247 2882 1334 2936 supra
1345 2882 1372 2939 p.
1385 2882 1421 2935 29
1440 2861 1500 2918 init.
1514 2862 1661 2937 appositis.

1068 2950 1180 3008 Naekius
1199 2949 1234 3006 de
1252 2949 1377 3006 Clroerilo
1393 2969 1420 3025 p.
1432 2950 1466 3019 73
1479 2972 1485 3004 τ
1498 2948 1603 3019 «Quod
1619 2949 1653 3005 ad
1669 2948 1785 3025 elegiam

1028 3050 1146 3106 attinet,
1167 3056 1224 3093 non
1247 3035 1349 3094 dubito
1370 3035 1455 3113 quin,
1478 3056 1562 3112 quam
1582 3037 1638 3092 vini
1662 3036 1786 3095 Thebais

1030 3124 1190 3183 Antimachi
1206 3125 1235 3181 in
1249 3124 1359 3200 epicam
1374 3124 1489 3200 poesin,
1504 3123 1621 3180 curulem
1640 3125 1699 3181 iere
1711 3125 1786 3199 hyde

1027 3215 1056 3271 in
1073 3214 1191 3292 elegiam
1205 3212 1373 3270 exseruerit.
1391 3212 1440 3270 lile
1454 3212 1562 3288 primus
1575 3213 1719 3289 antiquam
1734 3215 1788 3270 ele·

1027 3322 1080 3379 grae
1095 3300 1320 3377 simplicitatem,
1337 3320 1353 3357 a
1368 3299 1492 3372 Callino,
1509 3300 1693 3371 iiiimnermo,
1710 3302 1784 3376 Tyr-

1029 3401 1082 3445 taeu
1095 3388 1303 3465 praescriptam,
1317 3400 1482 3459 temerasse,
1494 3389 1631 3466 praeclaro
1644 3390 1783 3466 eucarpio,

966 3517 970 3524 -
987 3508 989 3514 ·
1027 3476 1245 3552 dispositionem
1259 3474 1492 3546 artificiosiorem,
1507 3476 1554 3533 sed
1565 3476 1684 3534 eandem
1697 3477 1782 3534 mole-

1027 3563 1155 3633 stiorem,
1164 3562 1301 3620 doctrinae
1311 3582 1399 3639 quum
1409 3564 1437 3620 in
1448 3563 1543 3636 rebus,
1553 3578 1610 3621 turn
1621 3565 1649 3621 iu
1661 3564 1781 3621 dictione

1026 3652 1245 3709 ostentationem
1271 3652 1399 3710 intulisse
1422 3652 1451 3709 iu
1473 3653 1528 3711 hoc
1553 3673 1673 3730 poeseos
1696 3674 1783 3732 genus

1026 3738 1148 3797 vitietur.
1161 3739 1246 3809 Quod
1263 3740 1377 3815 (pridem
1389 3761 1453 3797 cnm
1471 3741 1549 3815 Lyda
1563 3739 1695 3799 omnibus
1710 3762 1778 3798 con-

1025 3824 1182 3897 ditionibus
1197 3827 1358 3903 comparari
1373 3840 1484 3903 posset,
1498 3827 1655 3904 elegiacum
1669 3848 1777 3886 carmen

1024 3914 1145 3973 fortasse
1162 3914 1270 3973 nulium
1288 3934 1407 3991 usquam
1427 3915 1552 3987 exstitit,
1572 3915 1596 3974 si
1615 3916 1688 3974 sorte
1707 3917 1778 3973 ller-

1024 4004 1200 4062 mesiauactis
1213 4002 1365 4061 Leontium
1375 4001 1521 4078 exceperis
1532 4023 1538 4057 :
1549 4022 1582 4060 ac
1591 4023 1649 4060 non
1658 4002 1778 4059 maximo

1023 4091 1175 4148 inhonore
1190 4091 1275 4148 luisse
1288 4090 1364 4166 apud
1377 4088 1585 4148 Alexandrinos
1595 4090 1697 4147 mirum
1709 4089 1778 4145 iliud

1023 4179 1186 4238 Antimachi
1197 4197 1327 4246 carmen,
1338 4190 1415 4235 certe
1424 4176 1500 4253 apud
1509 4176 1712 4234 Callimachum
1723 4197 1778 4232 non

1023 4265 1123 4335 luisse,
1143 4265 1268 4323 ostendit
1284 4264 1359 4322 iliius
1378 4264 1410 4321 ir.
1431 4273 1493 4331 iii.
1512 4262 1702 4321 Nihilominus
1718 4281 1783 4317 cer·

1052 4468 1104 4515 Hoc
1115 4476 1200 4526 genere
1209 4463 1317 4512 ammom
1330 4459 1482 4510 demulcendi
1494 4472 1552 4509 usus
1564 4464 1601 4508 est
1619 4460 1692 4508 etiam
1713 4458 1784 4507 anti·-

1021 4536 1121 4585 machus
1132 4536 1202 4598 poeta
1212 4548 1219 4582 t
1231 4546 1307 4595 quum
1318 4531 1382 4582 euim
1392 4534 1469 4580 morte
1483 4530 1604 4580 amisisset
1619 4529 1702 4593 Lyden
1719 4542 1777 4577 uxo-

1021 4618 1084 4666 rem,
1094 4617 1167 4667 quam
1184 4602 1316 4652 admodum
1333 4613 1412 4650 earam
1424 4600 1550 4662 tribuerat,
1567 4599 1672 4650 leniendi
1686 4598 1777 4648 doloris

1020 4685 1093 4722 causa
1104 4671 1204 4735 elegiam
1213 4670 1310 4734 scripsit
1325 4673 1404 4720 [τοττι
1417 4669 1523 4729 dictam,
1534 4670 1559 4718 in
1571 4682 1619 4731 qua
1631 4668 1778 4718 enumeratis

970 4775 972 4779 »
1020 4740 1308 4792 heroumetireroinarutn
1317 4738 1503 4800 calamitatibus,
1517 4738 1649 4788 alienomm
1657 4738 1777 4787 malornm

952 4876 955 4883 .
1019 4809 1246 4861 commemoratione
1255 4821 1327 4859 suum
1340 4820 1468 4858 maerorem
1481 4806 1612 4857 deiciebat.

1213 4914 1386 4990 Asclepiadoe
1395 4914 1577 4990 epigramma.

1018 5021 1084 5076 Sum
1099 5017 1174 5092 Lyde
1186 5030 1271 5090 genus
1286 5019 1314 5071 et
1328 5030 1436 5080 nornen,
1450 5013 1534 5085 magis
1549 5011 1648 5085 inclyta
1663 5009 1746 5068 Codri

1051 5098 1179 5168 progenie
1191 5099 1288 5153 cuncta
1301 5092 1372 5150 iacta
1388 5109 1435 5165 per
1448 5092 1648 5149 Antinrachum.

1016 5177 1083 5245 Quis
1098 5191 1153 5231 nun
1165 5191 1208 5230 me
1219 5173 1335 5231 cecinit?
1345 5173 1405 5243 quis
1419 5188 1473 5227 non
1486 5172 1578 5242 Lyden
1594 5170 1741 5236 recitavit,

1051 5269 1223 5311 communem
1233 5254 1372 5309 Musarum
1386 5248 1590 5321 Antimacirique
1603 5247 1729 5304 tibrum?
