4042 6067
343 404 361 470 ll
885 403 1098 466 PRAEFATlO.

330 520 570 616 olympiadem
589 525 654 611 65,
677 543 816 597 motum
832 546 952 601 autem
967 550 1091 606 contra
1107 537 1360 631 Lygdamidem
1382 556 1595 634 tyrannum,
1617 544 1655 613 in

331 670 405 738 quo
423 645 593 715 occubuit
609 664 730 743 poeta,
753 653 965 746 ponendum
987 656 1203 753 olympiadis
1224 661 1267 729 82
1285 685 1381 730 anno
1402 661 1471 732 lere
1489 662 1522 732 3.

379 771 416 835 ln
432 767 667 860 fragntentoli
686 775 910 866 Panyasidis,
928 802 1033 848 versu
1055 785 1098 867 4,
1120 784 1323 852 1133133335
1346 807 1491 879 quoque
1511 785 1658 879 scripsit

333 901 467 994 ἐπιθῇσι,
485 923 527 967 ex
543 905 568 967 F
571 900 700 970 unckei
715 905 939 997 conjectura,
954 907 1017 977 sed
1032 925 1147 980 cetera
1163 910 1234 981 hoc
1253 911 1380 993 mod0‚

487 1060 599 1139 ἐσθλοῖς
619 1089 659 1130 τε
684 1059 801 1141 ξενίοισι
817 1070 911 1140 κακὴν
928 1069 1045 1161 ἐπιθῇσι
1065 1077 1220 1157 τελευτήν,

331 1217 465 1291 3131553
485 1220 526 1293 δ’.
544 1224 674 1291 Verum
691 1224 872 1317 quantivis
886 1225 989 1320 pretii
1008 1242 1060 1296 est
1081 1228 1257 1300 medicina
1287 1231 1413 1299 ultimo
1431 1230 1549 1300 versui
1568 1229 1663 1322 ejus·

330 1335 413 1410 dem
433 1344 620 1441 fragmenti
644 1345 746 1414 allata
769 1348 814 1416 ab
836 1349 971 1437 ttaekio,
994 1349 1030 1417 in
1052 1351 1207 1420 Funclmi
1220 1351 1362 1438 libello,
1392 1368 1443 1421 311
1468 1352 1663 1447 suspicor-2

330 1467 472 1563 prodita

487 1626 625 1719 Καὶγιὶρ
648 1626 675 1691 οἱ
696 1608 779 1702 drus
799 1651 832 1691 τε
853 1627 903 1693 καὶ
925 1619 1027 1719 Ῠίριος
1047 1623 1104 1692 αἷό
1125 1619 1316 1716 1316331131.

331 1775 674 1862 1313311)113133ι·35,
696 1773 754 1842 cui
779 1771 887 1863 hujus
909 1774 1172 1844 emendationis
1196 1774 1360 1843 notitiam
1380 1774 1513 1862 debeb,
1533 1778 1573 1846 in
1598 1776 1665 1846 lra-

330 1922 475 1999 gmento
498 1904 559 1994 15,
575 1932 608 1976 v.
625 1909 667 1992 Δ,
685 1922 767 1976 3313
784 1929 841 1973 133
861 1904 1060 1996 conjecerat
1075 1906 1202 1999 ἀνάγκῃ.
1225 1905 1391 1973 Ceterum
1417 1906 1493 1998 ejus
1509 1906 1601 1995 riri,
1624 1907 1663 1976 in

331 2028 438 2098 bonis
455 2028 566 2097 literis
588 2029 815 2098 demerendis
830 2027 1084 2122 impigerrimi,
1105 2025 1358 2097 collectionem
1375 2027 1663 2122 fragmentorum

331 2153 517 2245 epicorum
535 2152 761 2221 utilissimam
786 2151 896 2242 magis
919 2150 1026 2217 etiam
1048 2147 1304 2243 probaremus,
1327 2150 1356 2219 si
1388 2165 1508 2219 vetera
1529 2151 1664 2221 editio-

333 2298 421 2343 num
444 2275 529 2343 ritia
550 2274 672 2370 paullo
697 2273 905 2369 diligentius
929 2268 1098 2359 cavisse13
1126 2296 1208 2341 nam
1232 2273 1359 2343 vitiosa
1379 2273 1493 2343 multa
1512 2274 1662 2369 reliquit

331 2399 472 2470 dudum
485 2398 540 2469 rel
558 2423 599 2468 ex
614 2397 801 2468 codicibus
815 2409 973 2467 correcta
989 2395 1044 2465 rel
1058 2396 1261 2492 adelicibus
1279 2398 1431 2493 ingeniis
1449 2400 1664 2471 instaurata.

330 2530 367 2594 ln
397 2524 595 2594 Germaniae
621 2520 765 2618 oppidis
789 2533 957 2617 prompta
976 2519 1090 2589 cuivis
1111 2534 1147 2591 et
1170 2534 1291 2617 parata
1309 2535 1362 2590 est
1386 2521 1599 2592 criticorum
1622 2523 1666 2593 li·

328 2648 477 2719 brorum
498 2647 601 2741 copia
619 2645 843 2731 beatissinm3
868 2645 905 2713 in
929 2642 1024 2714 Urbe
1045 2659 1166 2714 nostra
1186 2642 1242 2714 ltae
1267 2644 1403 2714 scilicet
1430 2671 1554 2742 nugae,
1589 2651 1665 2721 uisi

329 2770 512 2869 possideas
533 2770 625 2864 ipse,
644 2790 728 2835 cum
747 2791 886 2836 summa
908 2764 1118 2837 difficultate
1135 2782 1170 2836 et
1188 2768 1359 2863 temporis
1379 2768 1577 2863 dispendio
1596 2774 1665 2844 int·

329 2893 427 2964 urani
461 2890 689 2985 colliguntur.
708 2892 889 2958 Damnum
906 2888 1130 2984 aliquatenus
1155 2889 1300 2959 resarcit
1326 2892 1662 2987 manuscriptorum

327 3014 496 3085 codicum
520 3012 725 3097 thesaurus,
750 3024 785 3079 et
807 3013 1109 3080 Conservatorum
1129 3010 1205 3100 ejus
1231 3009 1339 3080 ardor
1363 3009 1589 3084 admirabilis
1621 3043 1662 3088 33

328 3138 446 3209 studia
466 3138 626 3233 gnaviter
643 3135 856 3228 adjurandi,
874 3159 953 3230 quae
972 3147 1068 3202 recto
1079 3133 1217 3226 judicio
1233 3133 1373 3204 institui
1390 3154 1660 3230 cognoverunt.

327 3263 389 3332 1-’31
411 3262 540 3332 barum
563 3258 1122 3354 [13331333311333113511133331
1148 3255 1281 3351 largam
1305 3257 1530 3329 voluntatem
1555 3273 1662 3332 testa·

326 3383 433 3453 bitur.

1134 3554 1191 3619 31.
1220 3529 1405 3622 unauna.

417 3677 530 3732 Parisiis,
543 3692 564 3726 a.
579 3673 600 3724 tl.
617 3677 794 3737 1113133313.
