4042 6067
243 563 277 612 10
783 549 959 609 l‘lSthlltl
979 550 1223 617 Fttnouna'ts

600 673 644 730 12·
1045 681 1137 754 νελαε,
1155 683 1265 760 μιάνθην
1281 682 1373 762 αἵματι
1386 685 1465 763 μηροὶ
1478 685 1595 766 εὐρυέες,
1611 686 1716 764 κνημαί
1728 690 1753 746 τ’
1763 693 1809 762 ἠδέ

280 755 358 814 111011]
373 756 404 828 l,
421 775 430 809 ¹
441 754 504 827 ¹962
517 750 692 832 Z²l⁸⁰5⁰¹i⁵3r
709 752 744 810 de
756 753 834 809 Clam
852 755 983 812 Helenus
995 776 1002 811 ἲ
1046 768 1130 851 σρυρλ
1149 770 1208 829 κάλ’
1219 771 1352 853 ὑπένερθεν
1363 796 1369 831 :
1384 773 1506 853 Νικάνωρ
1519 773 1549 831 τὸ
1562 772 1667 856 εὐρυέες
1677 780 1717 833 τῶ
1729 779 1807 853 μησοί

243 842 402 921 Πείσανδρος
426 839 453 897 δέ
476 862 553 918 ρησιν
579 837 723 917 όλόχαλκον
749 830 814 897 εἶναι
833 838 863 898 τό
890 839 1002 920 ῥόπαλον
1045 858 1206 935 metm,
1225 862 1248 917 οἱ
1266 859 1293 918 δὲ
1313 860 1543 937 mmmm}
1562 865 1599 919 τῶ
1618 835 1731 942 erepsit.
1755 837 1808 923 γ’,ὶ

242 930 411 1010 Ἡρακλέους.
434 930 530 1000 Quum
544 928 652 1004 reliqua
672 927 781 985 abhoc
800 929 892 985 schol.
905 950 940 987 ex
955 931 1003 988 l'i·
1047 916 1219 1028 Ῑῂίσανδρος·
1585 922 1591 942 ’

242 1019 347 1076 sundro
370 1029 525 1075 memorata
551 1035 611 1071 non
638 1015 693 1073 sint
718 1016 830 1094 antiqui
859 1017 1003 1076 llcraclcae

241 1104 399 1180 scriptoris,
408 1103 538 1160 llerculis
550 1103 659 1159 mentio
672 1102 702 1160 id
714 1104 827 1160 efficere
837 1124 893 1159 non
908 1116 1003 1180 potest

242 1206 269 1248 nt
286 1191 391 1249 dehoc
407 1191 468 1247 solo
483 1191 660 1247 contrarium
675 1191 704 1247 in
720 1189 837 1247 modum
849 1203 1002 1248 statuatur.

243 1284 310 1337 Nam
329 1280 365 1336 de
383 1279 506 1336 Hercule
531 1280 560 1334 in
575 1277 734 1355 Θεογαμίοις
758 1298 874 1355 quoquc
895 1279 1001 1355 scripta
1408 1260 1448 1319 ¹⁸·

241 1368 325 1425 luisse
338 1368 426 1425 multa
441 1366 505 1444 quis
517 1368 689 1444 negaverit?
713 1368 854 1425 Praeterea
873 1366 954 1423 clava
966 1385 1002 1422 ex
1084 1369 1230 1426 Sclrolium
1245 1368 1420 1426 Taurinense
1437 1365 1473 1423 ad
1490 1366 1589 1444 Eurip.
1606 1368 1712 1425 Plroen.
1729 1370 1785 1437 834
1802 1391 1808 1424 :

239 1455 331 1512 solido
348 1474 405 1513 aere
419 1455 449 1512 in
468 1454 587 1531 aritiquo
600 1436 816 1514 Pisandr0⁰nec
838 1474 889 1531 per
906 1473 936 1510 se
959 1466 1002 1511 est
1043 1456 1204 1538 Πείσανδρος
1218 1458 1314 1536 ἱστορεῖ
1330 1453 1370 1513 ότι
1394 1452 1471 1525 ζάνξη
1486 1456 1540 1532 (rel
1565 1453 1656 1531 ξάνξη)
1672 1456 1809 1534 Τειρεσίας

240 1542 420 1617 probabilis,
443 1561 496 1601 nec
522 1540 559 1599 ab
584 1542 619 1599 iis
645 1553 838 1614 memoratur,
865 1541 914 1618 qui
939 1540 1001 1617 ipsa
1043 1543 1253 1614 ἐποίησεπαῑδας
1263 1541 1285 1600 θ
1286 1539 1589 1622 ,Φαινένρερσεκερδὴη
1601 1544 1722 1623 Χλῶριν,
1735 1546 1808 1604 Μαν-

1084 1059 1264 1137 Ξανθοκόμης,
1274 1058 1355 1139 μέγας
1364 1052 1406 1135 ἦν,
1416 1059 1628 1139 γλαυκόμματος,
1638 1063 1700 1143 ἄρτι
1712 1073 1810 1148 παρειᾷ

1083 1150 1243 1228 λογμάζων,
1264 1148 1397 1226 εὐκνημος.
1753 1175 1760 1187 ·

239 1630 374 1688 Heraclea
387 1630 431 1688 usi
448 1642 523 1687 sunt.
596 1709 630 1765 ¹3

280 1789 356 1847 ldcm
379 1789 415 1859 ll,
431 1790 469 1863 98
483 1809 490 1845 τ
513 1786 683 1854 Ἀπολλώνιος
696 1782 743 1863 μέν
755 1783 876 1864 έμραίνει
887 1787 921 1851 ὡς
933 1788 1001 1864 ἀνη-

191 1868 194 1875 ’
239 1875 350 1954 ρημένον
362 1875 405 1933 τόν
420 1873 546 1953 Ἀμυκον.
559 1873 729 1954 Ἐπίχαρμος
742 1872 769 1930 δὲ
783 1870 828 1930 καὶ
841 1871 1000 1952 Πείσανδρος

237 1963 313 2038 prole
331 1960 370 2019 ότι
391 1960 481 2032 ἔδησεν
506 1958 582 2018 αὐτόν
601 1964 615 2018 θ
633 1957 810 2031 Πολυδεύκης.
839 1960 1000 2016 Verisimile

236 2064 278 2105 cst
294 2063 321 2107 et
348 2051 403 2107 hoc
418 2050 454 2106 ab
475 2049 650 2126 Epicharmo
671 2050 825 2125 sumpsisse
847 2047 1001 2124 l'scudopi·

236 2136 383 2206 sundroni,
404 2147 432 2193 et
449 2134 484 2192 ab
499 2135 560 2192 aliis
575 2136 668 2211 poetis
682 2136 801 2191 scenicis
816 2134 880 2190 alia.

276 2309 354 2367 lalcm
379 2311 424 2378 ll,
450 2309 541 2384 1089,
565 2308 600 2365 de
622 2309 776 2385 Harpyiis:
803 2309 923 2371 Πιθανῶς
940 2306 968 2362 δὲ

239 2395 397 2475 Πείσανδρος
413 2393 471 2460 τούς
487 2394 589 2476 ὄρνιθάς
605 2417 682 2475 φησιν
699 2396 736 2460 εἷς
750 2393 864 2454 Σκυθίαν
878 2396 998 2481 ἀπυπτῇ·

237 2506 297 2554 ναι,
317 2483 374 2541 ὅθεν
395 2482 440 2541 καλ
461 2481 630 2554 ἐληλύθεσαν.

431 2605 434 2612 ·
594 2580 639 2637 15.

276 2658 355 2716 ltlem
370 2659 423 2729 IV,
438 2658 472 2728 57
488 2681 493 2715 :
507 2656 561 2716 Τὸν
573 2654 922 2734 ἪνδυμίωναἹΙσίούοςμὲν
939 2655 997 2714 Ἀε-

236 2743 306 2802 θλίου
317 2749 362 2801 τοῦ
380 2744 440 2810 Διὸς
456 2743 501 2802 καλ
513 2743 635 2813 Καλύκης
647 2744 729 2801 παῖδα
741 2741 830 2821 λέγει,
846 2741 919 2822 παρὰ
936 2741 996 2808 Διὸς

234 2830 358 2914 εἰληρότα
380 2832 479 2915 δῶρον,
504 2830 580 2889 αὐτὸν
603 2831 700 2909 ταμίαν
721 2822 786 2889 εἶναι
806 2829 935 2906 θανάτου,
954 2828 997 2887 ὅτε

234 2924 302 2979 θέλοι
314 2919 433 2979 ὀλέσθαι·
450 2919 494 2979 καὶ
508 2919 667 3001 Πείσανδρος
679 2918 706 2978 δὲ
718 2919 751 2977 ela
770 2917 837 2977 αὐτά
848 2942 929 3000 ρησι,
952 2918 997 2977 καλ

235 3008 417 3086 Ἀκουσίλαος,
436 3010 493 3067 κτλ.

271 3167 348 3226 ldem
362 3169 410 3242 lv,
428 3169 518 3243 1396:
532 3164 586 3226 'siv
605 3166 731 3247 δράκοντα
746 3164 859 3227 Λάδωνά
878 3162 995 3221 ἐκάλουν.

233 3257 333 3313 Τοῦτον
351 3255 378 3313 δὲ
392 3255 550 3336 Πείσανδρος
563 3256 703 3336 θπειληρεν
726 3253 777 3314 ἀπὸ
796 3258 842 3324 τῆς
857 3257 904 3332 γῆς
917 3274 993 3329 γεγε-

232 3346 332 3412 νῆσθαι.
347 3346 408 3402 Hoc
426 3365 482 3400 non
497 3345 586 3419 magis
599 3364 683 3420 qnam
700 3345 734 3401 ir.
750 3362 783 3399 ra
795 3342 830 3399 ad
844 3344 993 3415 antiquum

233 3431 401 3488 Pisandrum
419 3432 519 3489 referri
533 3431 627 3489 debet.

590 3518 634 3579 17.

271 3596 365 3653 Schol.
378 3599 495 3656 Homeri
511 3600 540 3656 in
552 3600 599 3657 illa
610 3599 642 3656 ll.
655 3600 692 3670 Δ,
709 3605 780 3669 147,
795 3592 870 3655 Τοῖοί
881 3615 930 3662 τοι,
944 3594 996 3649 Με·

589 3772 599 3818 1
608 3771 635 3818 2.

262 3852 377 3901 Pisander
389 3864 419 3900 ex
432 3852 508 3902 solido
519 3853 669 3903 caresianam
681 3854 792 3903 Herculis
806 3853 880 3903 tuisse
891 3852 958 3901 dicit.

590 3945 634 3994 ta.

262 4027 420 4089 Epicharmus
429 4031 453 4076 et
462 4027 574 4077 eineder
586 4032 703 4091 Aiuycum
713 4042 727 4077 a
736 4028 831 4077 Polluce
841 4040 888 4075 non
900 4039 990 4089 perem-

230 4101 307 4158 otum,
320 4098 361 4147 sed
372 4098 481 4147 tinctum
495 4099 567 4148 niodo
578 4099 670 4148 dicunt.

588 4188 633 4237 il.

257 4272 377 4334 Harpyias
387 4270 501 4322 Pisander
510 4272 665 4336 probabiliter
675 4276 754 4322 narrat
765 4271 789 4321 in
799 4270 921 4334 Scythiam
933 4282 988 4318 aro·

227 4341 296 4400 insse,
311 4341 375 4391 unde
388 4347 510 4391 venerant

586 4425 630 4474 15.

256 4509 555 4571 Hesiodnstindymionem
565 4510 623 4559 dicit
632 4510 861 4561 tiliumessecaliees
870 4515 895 4559 et
901 4509 987 4560 Aetlrlii

228 4579 298 4627 toris
309 4578 366 4637 sitin
378 4579 457 4628 eidem
469 4582 555 4629 torem
567 4582 612 4630 boc
623 4581 745 4640 tribuisse,
758 4586 785 4629 ut
801 4594 852 4630 snae
864 4580 914 4642 ipse
926 4594 988 4629 mor·

226 4648 256 4695 t'n
271 4654 334 4698 esset
343 4648 507 4711 dispensator,
519 4653 544 4699 et
565 4653 697 4700 moreretur
715 4650 811 4713 quando
835 4650 914 4700 veltet.
943 4654 987 4699 Ea·

227 4718 281 4767 dein
294 4718 408 4768 Pisander
419 4723 512 4779 narrat,
523 4724 547 4769 et
558 4720 692 4770 acesilaos.

584 4807 629 4857 16.

224 4894 388 5010 p'Dradconem
397 4929 404 4954 ,
414 4892 456 4955 qui
472 4893 539 4943 bado
551 4897 665 4956 roratur,
680 4906 694 4943 e
710 4898 772 4944 terra
786 4898 870 4943 natum
883 4895 986 4945 eredidit

244 4974 294 5010 isan
313 4976 345 5011 er.

253 5131 383 5193 risanae,
395 5133 425 5183 de
441 5133 566 5184 Menelao:
581 5056 626 5105 Π·

222 5241 303 5298 Flava
317 5258 402 5308 corna,
416 5260 545 5315 procerus
558 5251 626 5313 erat,
637 5246 724 5301 caesiis
738 5245 834 5313 oculis,
845 5244 887 5299 cni
903 5244 984 5299 rrrodo

221 5321 377 5377 obumbrari
393 5323 485 5394 erepit,
501 5322 619 5393 pulchris
634 5323 769 5380 cruribus.
904 5324 984 5390 [gena

1042 1630 1088 1691 τώ.
1106 1636 1147 1691 lle
1163 1633 1269 1709 quibus
1283 1633 1353 1690 certi
1368 1632 1439 1688 nihil
1454 1631 1546 1689 liabeo
1562 1633 1642 1709 quod
1659 1634 1786 1691 afferam.

1406 1734 1448 1790 19.

1082 1831 1178 1889 Schol.
1206 1829 1353 1907 Euripidis
1375 1829 1475 1887 Plioen.
1504 1829 1723 1913 ιρθοεΊστορεῖ
1741 1833 1806 1891 Πεί-

1043 1920 1163 1999 σανδρος,
1178 1915 1218 1976 ότι
1230 1916 1298 1975 κατὰ
1310 1915 1388 1995 χολον
1399 1920 1446 1987 τῆς
1456 1914 1543 1997 Ἥρας
1557 1915 1709 1997 ἐπέμρθηὴ
1724 1919 1806 1999 Σρὶγξ

1041 2014 1094 2072 τοῖς
1106 2004 1235 2078 Θηὸαίοις
1244 2004 1295 2063 ἀπὸ
1307 2008 1359 2063 τῶν
1372 2003 1492 2083 ἐσχάτων
1505 2007 1591 2085 μερῶν
1601 2009 1648 2075 τῆς
1658 2007 1806 2072 Αἰθιοπίας,

1041 2092 1081 2151 ὅτι
1095 2093 1138 2151 τὸν
1154 2092 1235 2153 Λάϊον
1258 2091 1425 2162 σἰσεύήσαντοι
1440 2093 1475 2155 εἰς
1491 2090 1534 2150 τὸν
1549 2090 1702 2170 παράνομον
1719 2091 1805 2174 ἔρωτα

1040 2186 1086 2238 τοῦ
1097 2180 1261 2262 Χρυσίππου,
1277 2178 1304 2237 ὃν
1318 2179 1434 2259 ἥρπασεν
1451 2179 1504 2238 ἀπὸ
1520 2183 1565 2249 τῆς
1577 2179 1674 2252 Πίσης,
1685 2181 1733 2238 οὐκ
1748 2183 1804 2239 ἔτι·

986 2310 999 2364 ὁ
1020 2272 1024 2356 Ι
1042 2258 1270 2346 μωρήσαντο.ἾΙν
1298 2265 1357 2339 ita
1378 2265 1474 2348 Σρίγξ,
1495 2264 1582 2346 ὥσπερ
1604 2265 1801 2346 piperataria

1041 2354 1120 2436 οὐρόιν
1141 2356 1238 2436 ἔχουσα
1259 2355 1411 2437 δράκοντος,
1435 2354 1619 2435 ἀναρπάζουσι
1640 2352 1669 2411 δέ
1696 2354 1804 2433 μικρούς

1040 2446 1085 2502 καί
1100 2443 1228 2523 μεγάλους
1236 2443 1384 2516 κατήσθιεν,
1396 2444 1421 2499 ἐν
1432 2432 1468 2506 οἷς
1484 2440 1529 2498 καὶ
1537 2437 1642 2518 Αἵμονα
1651 2439 1695 2500 riu
1707 2442 1805 2522 Κρέον-

1042 2556 1085 2597 τος
1094 2532 1185 2605 παῑδα,
1197 2530 1242 2589 καὶ
1254 2529 1361 2589 Ἵππιον
1374 2535 1420 2587 τοῦ
1436 2525 1598 2608 Εὐρυνόμου,
1615 2534 1662 2586 τοῦ
1674 2537 1727 2595 τοῖς
1741 2532 1806 2589 Κεν-

1040 2618 1144 2700 ταύροις
1158 2616 1352 2698 μαχεσαμένου·
1363 2606 1428 2686 ἧσαν
1440 2614 1467 2673 δὲ
1477 2614 1627 2697 Εὐρύνομος
1634 2615 1680 2674 καὶ
1690 2616 1805 2683 Ἢῖονεύς

1042 2708 1092 2765 υἱοὶ
1105 2707 1244 2785 Μάγνητος
1261 2711 1307 2763 τοῦ
1323 2704 1444 2764 Αἷολίδου
1466 2703 1511 2761 καὶ
1537 2702 1692 2774 Φιλοδίκης.
1708 2702 1743 2764 ‘0
1759 2704 1803 2782 μὲν

1039 2787 1083 2853 οὐν
1095 2794 1200 2860 Ἵππιος
1212 2792 1257 2851 καὶ
1267 2792 1334 2860 ξένος
1345 2790 1381 2848 ὢν
1396 2790 1446 2849 ὑπὸ
1458 2795 1504 2861 τῆς
1518 2790 1635 2872 Σριγγύς
1652 2790 1804 2871 ἀνηρέθη,ὁ

1039 2882 1066 2940 δὲ
1080 2880 1193 2968 Ἠζονεύς
1208 2881 1258 2940 ὑπὸ
1269 2886 1314 2937 τοῦ
1326 2877 1475 2956 Οἰνομάου,
1490 2878 1518 2935 ὃν
1528 2878 1626 2960 τρόπον
1637 2878 1683 2937 καὶ
1694 2882 1717 2937 οἱ
1730 2878 1801 2936 ἄλλοι

1040 2974 1195 3051 μνηστῆρες.
1211 2971 1318 3048 Πρῶτος
1335 2965 1362 3024 δέ
1374 2971 1388 3025 θ
1400 2964 1480 3031 Λάϊος
1496 2965 1539 3024 τὸν
1561 2967 1701 3045 ἀθέμιστον
1719 2965 1802 3046 ἔρωτα

1038 3064 1127 3117 τοῦτον
1140 3056 1225 3136 ἔσχεν.
1240 3054 1274 3115 ‘0
1291 3053 1317 3112 til
1338 3052 1491 3135 Χρύσιππος
1507 3052 1558 3111 ὑπὸ
1575 3051 1704 3133 αἰσχύνης
1716 3054 1802 3111 ἑαυτὸν

1038 3145 1195 3227 διεχρήσατο
1217 3148 1254 3225 τῷ
1277 3141 1300 3211 El
1306 3166 1351 3224 ρει.
1368 3140 1437 3201 Τότε
1451 3139 1497 3219 μὲν
1516 3132 1561 3199 οὐν
1576 3142 1753 3224 θΤειρεσίας,
1771 3145 1803 3206 ὡς

1039 3235 1145 3311 μάντις,
1167 3230 1227 3290 ἰδὼν
1246 3229 1286 3289 ὅτι
1306 3226 1444 3307 θεοστυγὴς
1461 3219 1493 3299 ἦν
1510 3228 1639 3296 anetae.
1660 3228 1801 3311 ἀπέτρεπεν

1038 3322 1115 3387 αὐτὸν
1129 3325 1175 3391 τῆς
1189 3318 1232 3378 ἐπὶ
1244 3318 1287 3377 τόν
1304 3317 1454 3377 Ἀπολλωνα
1465 3317 1524 3375 ὀδοῦ
1532 3362 1541 3390 ,
1557 3321 1588 3396 τῇ
1605 3315 1633 3375 δὲ
1642 3317 1719 3399 Ἥρᾳ
1735 3320 1801 3394 μᾶλ-

1036 3415 1081 3470 λον
1101 3435 1133 3488 τη
1156 3406 1313 3486 γαμοστολῳ
1330 3409 1376 3487 θεᾷ
1389 3403 1456 3462 θύειν
1471 3403 1537 3485 ἱερά.
1556 3404 1591 3463 ‘0
1615 3404 1643 3463 δὲ
1658 3406 1735 3464 αὐτὸν
1753 3404 1800 3472 ἐξε-

1037 3498 1169 3580 ραύλιζεν.
1180 3493 1308 3554 herluini
1323 3492 1406 3551 τοίνυν
1422 3492 1545 3574 ἐρονεύθη
1560 3494 1587 3549 έν
1601 3497 1633 3571 τῇ
1645 3498 1742 3572 optor}
1752 3493 1800 3571 ὁδῷ

1038 3586 1114 3652 αὐτὸς
1126 3584 1170 3643 καὶ
1184 3589 1197 3643 ό
1213 3581 1317 3661 ἡνίοχος
1330 3584 1427 3654 αὐτοῦ,
1444 3579 1535 3652 ἐπειδὴ
1554 3579 1634 3662 ἔτυψε
1647 3586 1682 3660 τῇ
1696 3582 1799 3659 μάστιγι

1395 3756 1440 3804 18.

1068 3835 1182 3885 l‘isamler
1194 3837 1274 3882 narrat
1283 3830 1399 3881 Tiresiam
1408 3844 1476 3879 eu...
1490 3828 1627 3892 suscepisse
1638 3830 1727 3881 liberos
1738 3836 1799 3893 quet·

1037 3911 1091 3956 tuor
1093 3941 1138 3967 .....
1152 3905 1260 3964 Clitorio,
1273 3905 1363 3952 Manto.

1394 3981 1439 4032 ts.

1066 4078 1151 4124 Narrat
1160 4071 1284 4133 Pisander,
1296 4072 1449 4133 pertunonia
1460 4072 1521 4122 iram
1532 4070 1666 4135 Sphingem
1680 4068 1798 4122 Tlsebanis

1035 4158 1066 4194 ex
1080 4142 1171 4192 ultiniis
1187 4141 1237 4190 oris
1248 4140 1378 4204 AEtbiopiae
1398 4142 1532 4193 immissam
1546 4154 1618 4202 esse,
1629 4145 1748 4204 qnoniam
1767 4138 1799 4187 itii

1034 4215 1131 4272 Laium,
1143 4212 1184 4274 qni
1196 4209 1299 4259 uetando
1310 4223 1392 4261 amore
1403 4212 1566 4277 chrysippum
1575 4212 1631 4260 Pisa
1641 4214 1742 4275 raptum
1752 4210 1800 4258 rio·

1034 4282 1137 4339 laverat,
1152 4293 1223 4343 prena
1241 4280 1307 4328 nulla
1318 4280 1450 4330 affecerint.
1470 4282 1579 4331 ilabebat
1598 4283 1683 4329 autem
1694 4279 1797 4343 Sphinx,

1034 4355 1062 4401 ut
1081 4351 1209 4410 scribitur,
1230 4350 1332 4399 caudam
1348 4350 1477 4411 draconis,
1500 4356 1525 4402 et
1543 4364 1632 4414 porres
1650 4362 1799 4413 magnosque

1033 4425 1156 4484 correptos
1180 4420 1324 4480 devorabot3
1346 4420 1372 4470 in
1394 4421 1482 4485 quibus
1511 4425 1657 4472 tiemonem
1689 4419 1797 4471 creontis

1033 4492 1123 4552 silium,
1140 4495 1165 4540 et
1180 4490 1294 4552 Hippium
1310 4491 1443 4554 Eurynomi
1460 4491 1525 4540 illius
1537 4491 1580 4554 qui
1596 4504 1656 4539 cum
1673 4488 1797 4541 camuris

1033 4564 1200 4625 pugnaverat:
1213 4573 1244 4610 er
1261 4560 1299 4609 liis
1313 4564 1468 4624 Eurynomus
1481 4574 1537 4611 cum
1554 4561 1649 4610 Eioneo
1666 4559 1731 4609 tilius
1747 4561 1795 4608 erat

1032 4631 1157 4693 Magnetis,
1165 4630 1227 4680 AEoli
1236 4634 1260 4679 et
1269 4629 1399 4680 Pbilodicae
1407 4630 1449 4679 lilii
1455 4647 1463 4691 ;
1473 4630 1584 4693 Hippius,
1593 4629 1796 4693 lieetperegrinus

1032 4717 1046 4751 a
1058 4703 1163 4766 Sphinge
1174 4704 1312 4764 peremptus
1323 4704 1374 4762 est,
1385 4701 1490 4751 Eioneus
1500 4704 1580 4750 autem
1590 4699 1622 4748 ab
1635 4702 1759 4749 OEnomao
1768 4697 1795 4747 si·

1032 4773 1121 4822 militer
1132 4784 1160 4820 ac
1176 4769 1247 4820 ceteri
1264 4770 1330 4833 proci
1342 4769 1535 4834 Hippodamioe.
1555 4769 1631 4818 Laius
1648 4770 1795 4833 auctorent

1031 4842 1128 4892 nefandi
1144 4843 1232 4891 amoris
1245 4841 1325 4902 iilius;
1342 4842 1412 4904 eujus
1423 4841 1515 4904 pudore
1531 4839 1688 4903 Chrysippus
1704 4837 1795 4901 seipse

1030 4913 1107 4975 gladio
1119 4911 1233 4961 confodit.
1245 4914 1315 4961 Tunc
1329 4911 1402 4975 igitur
1412 4911 1514 4962 Tiresias
1526 4914 1594 4960 rates
1605 4910 1706 4970 Laium
1724 4920 1792 4971 quem

1031 4982 1123 5031 videret
1147 4982 1195 5031 diis
1210 4994 1313 5031 exosum
1336 4994 1409 5043 esse,
1428 4980 1600 5031 dehortabatur
1616 4980 1649 5030 ab
1664 4980 1751 5030 itinere
1765 4976 1793 5026 ad

1029 5051 1163 5114 apollinem
1173 5050 1335 5113 suscipiendo,
1344 5054 1369 5099 et
1379 5050 1469 5099 Junonl
1478 5051 1569 5112 potins,
1582 5051 1728 5113 nuptiarum
1737 5060 1791 5110 pr»

1029 5122 1076 5169 sint
1088 5120 1148 5179 dee,
1160 5133 1230 5169 saera
1242 5120 1320 5169 tacere
1331 5118 1438 5181 jubebat.
1452 5123 1483 5168 at
1495 5118 1535 5168 ille
1547 5123 1630 5168 ratem
1640 5116 1789 5180 contempsit.

1029 5195 1111 5253 ltaque
1127 5190 1248 5252 protectus
1268 5189 1293 5239 in
1305 5189 1344 5238 ria
1360 5188 1440 5238 trifida
1453 5188 1576 5239 Phocidis
1589 5202 1649 5238 cum
1658 5188 1789 5251 aurigasuo

1028 5260 1184 5309 obtruncatus
1193 5261 1239 5319 est,
1248 5259 1362 5322 quoniam
1373 5257 1464 5321 flagello
1474 5262 1627 5321 percusserat
1636 5256 1790 5321 OEdipodem.

1028 5329 1075 5388 Qui
1086 5329 1180 5379 occisos
1190 5330 1272 5380 statim
1284 5336 1346 5381 terra
1356 5327 1438 5379 obruit
1447 5340 1503 5377 eum
1513 5328 1678 5385 resbtnentis.
1690 5326 1742 5377 Laii
1753 5336 1791 5371 au
