<?xml version="1.0" encoding="UTF-8"?>
<!DOCTYPE html PUBLIC "-//W3C//DTD XHTML 1.0 Transitional//EN"
    "http://www.w3.org/TR/xhtml1/DTD/xhtml1-transitional.dtd">
<html xmlns="http://www.w3.org/1999/xhtml" xml:lang="en" lang="en">
 <head>
  <title>
</title>
<meta http-equiv="Content-Type" content="text/html;charset=utf-8" />
  <meta name='ocr-system' content='tesseract 3.04.00' />
  <meta name='ocr-capabilities' content='ocr_page ocr_carea ocr_par ocr_line ocrx_word'/>
</head>
<body>
  <div class='ocr_page' id='page_1' title='image "./hesiodicarmina01hesigoog/hesiodicarmina01hesigoog_0558.png"; bbox 0 0 4042 6067; ppageno 0'>
   <div class='ocr_carea' id='block_1_1' title="bbox 211 584 1224 662">
    <p class='ocr_par' dir='ltr' id='par_1_1' title="bbox 211 584 1224 662">
     <span class='ocr_line' id='line_1_1' title="bbox 211 584 1224 662; baseline -0.018 -4"><span class='ocrx_word' id='word_1_1' title='bbox 211 610 227 658; x_wconf 80' lang='lat' dir='ltr'>a</span> <span class='ocrx_word' id='word_1_2' title='bbox 739 655 742 662; x_wconf 59' lang='grc'><em>,</em></span> <span class='ocrx_word' id='word_1_3' title='bbox 776 584 1224 646; x_wconf 69' lang='lat' dir='ltr'>animumanimum.</span> 
     </span>
    </p>
   </div>
   <div class='ocr_carea' id='block_1_2' title="bbox 213 720 980 893">
    <p class='ocr_par' dir='ltr' id='par_1_2' title="bbox 213 720 980 893">
     <span class='ocr_line' id='line_1_2' title="bbox 215 720 980 807; baseline -0.01 -20"><span class='ocrx_word' id='word_1_4' title='bbox 215 750 266 788; x_wconf 86' lang='lat' dir='ltr'>cus</span> <span class='ocrx_word' id='word_1_5' title='bbox 289 727 401 807; x_wconf 65' lang='lat' dir='ltr'>(solacii.</span> <span class='ocrx_word' id='word_1_6' title='bbox 423 724 517 801; x_wconf 85' lang='lat' dir='ltr'>llpoll.</span> <span class='ocrx_word' id='word_1_7' title='bbox 536 722 630 781; x_wconf 84' lang='lat' dir='ltr'>llliod.</span> <span class='ocrx_word' id='word_1_8' title='bbox 653 724 688 791; x_wconf 87' lang='lat' dir='ltr'>H,</span> <span class='ocrx_word' id='word_1_9' title='bbox 710 720 845 794; x_wconf 71' lang='lat' dir='ltr'>105.il‚ut</span> <span class='ocrx_word' id='word_1_10' title='bbox 861 731 980 779; x_wconf 81' lang='lat' dir='ltr'>ceteras.</span> 
     </span>
     <span class='ocr_line' id='line_1_3' title="bbox 213 807 857 893; baseline -0.019 -18"><span class='ocrx_word' id='word_1_11' title='bbox 213 819 285 876; x_wconf 85' lang='lat' dir='ltr'>Boni</span> <span class='ocrx_word' id='word_1_12' title='bbox 299 817 410 893; x_wconf 83' lang='lat' dir='ltr'>aliquot</span> <span class='ocrx_word' id='word_1_13' title='bbox 422 814 536 873; x_wconf 89' lang='lat' dir='ltr'>codices</span> <span class='ocrx_word' id='word_1_14' title='bbox 549 810 679 877; x_wconf 79' lang='lat' dir='ltr'>nraebent</span> <span class='ocrx_word' id='word_1_15' title='bbox 695 807 857 888; x_wconf 77' lang='grc' dir='ltr'>Στυμρήλῳ.</span> 
     </span>
    </p>
   </div>
   <div class='ocr_carea' id='block_1_3' title="bbox 214 992 985 2307">
    <p class='ocr_par' dir='ltr' id='par_1_3' title="bbox 214 992 981 1345">
     <span class='ocr_line' id='line_1_4' title="bbox 255 992 980 1076; baseline -0.017 -16"><span class='ocrx_word' id='word_1_16' title='bbox 255 1002 357 1060; x_wconf 79' lang='grc' dir='ltr'>Αῑίιειι.</span> <span class='ocrx_word' id='word_1_17' title='bbox 374 1001 425 1070; x_wconf 87' lang='lat' dir='ltr'>lll,</span> <span class='ocrx_word' id='word_1_18' title='bbox 441 1020 469 1075; x_wconf 90' lang='lat' dir='ltr'>p.</span> <span class='ocrx_word' id='word_1_19' title='bbox 495 999 561 1073; x_wconf 70' lang='lat'><strong>469,</strong></span> <span class='ocrx_word' id='word_1_20' title='bbox 578 999 618 1057; x_wconf 85' lang='lat' dir='ltr'>C:</span> <span class='ocrx_word' id='word_1_21' title='bbox 637 993 796 1076; x_wconf 89' lang='grc' dir='ltr'>Πείσανδρος</span> <span class='ocrx_word' id='word_1_22' title='bbox 817 995 842 1050; x_wconf 83' lang='grc' dir='ltr'>ἓν</span> <span class='ocrx_word' id='word_1_23' title='bbox 869 992 980 1073; x_wconf 76' lang='grc' dir='ltr'>δευτέρῳ</span> 
     </span>
     <span class='ocr_line' id='line_1_5' title="bbox 214 1074 980 1167; baseline -0.013 -20"><span class='ocrx_word' id='word_1_24' title='bbox 214 1086 371 1167; x_wconf 80' lang='grc' dir='ltr'>Ἡρακλείας</span> <span class='ocrx_word' id='word_1_25' title='bbox 386 1085 416 1144; x_wconf 87' lang='grc' dir='ltr'>τδ</span> <span class='ocrx_word' id='word_1_26' title='bbox 437 1083 517 1151; x_wconf 80' lang='grc' dir='ltr'>δέπας</span> <span class='ocrx_word' id='word_1_27' title='bbox 533 1086 559 1141; x_wconf 78' lang='grc' dir='ltr'>ἐν</span> <span class='ocrx_word' id='word_1_28' title='bbox 571 1074 593 1166; x_wconf 76' lang='grc' dir='ltr'>ᾧ</span> <span class='ocrx_word' id='word_1_29' title='bbox 606 1082 754 1141; x_wconf 79' lang='grc' dir='ltr'>διέπλευσεν</span> <span class='ocrx_word' id='word_1_30' title='bbox 767 1085 780 1139; x_wconf 83' lang='lat' dir='ltr'>b</span> <span class='ocrx_word' id='word_1_31' title='bbox 794 1078 927 1161; x_wconf 77' lang='grc' dir='ltr'>Ἡρακλῆς</span> <span class='ocrx_word' id='word_1_32' title='bbox 936 1079 980 1138; x_wconf 80' lang='grc' dir='ltr'>τόν</span> 
     </span>
     <span class='ocr_line' id='line_1_6' title="bbox 216 1164 981 1255; baseline -0.014 -20"><span class='ocrx_word' id='word_1_33' title='bbox 216 1174 343 1235; x_wconf 81' lang='grc' dir='ltr'>Ὠκεανὸν</span> <span class='ocrx_word' id='word_1_34' title='bbox 359 1164 424 1234; x_wconf 77' lang='grc' dir='ltr'>εἶναι</span> <span class='ocrx_word' id='word_1_35' title='bbox 445 1173 491 1250; x_wconf 81' lang='grc' dir='ltr'>μέν</span> <span class='ocrx_word' id='word_1_36' title='bbox 506 1195 585 1255; x_wconf 79' lang='grc' dir='ltr'>ρησιν</span> <span class='ocrx_word' id='word_1_37' title='bbox 597 1170 689 1230; x_wconf 77' lang='lat' dir='ltr'>‘illico</span> <span class='ocrx_word' id='word_1_38' title='bbox 694 1217 703 1246; x_wconf 89' lang='lat'>,</span> <span class='ocrx_word' id='word_1_39' title='bbox 714 1168 805 1227; x_wconf 69' lang='lat' dir='ltr'>leden</span> <span class='ocrx_word' id='word_1_40' title='bbox 814 1168 835 1226; x_wconf 88' lang='grc' dir='ltr'>δ’</span> <span class='ocrx_word' id='word_1_41' title='bbox 849 1167 911 1226; x_wconf 77' lang='grc' dir='ltr'>αὐτὸ</span> <span class='ocrx_word' id='word_1_42' title='bbox 918 1168 981 1249; x_wconf 89' lang='grc' dir='ltr'>παρ’</span> 
     </span>
     <span class='ocr_line' id='line_1_7' title="bbox 216 1259 497 1345; baseline -0.014 -23"><span class='ocrx_word' id='word_1_43' title='bbox 216 1263 344 1322; x_wconf 80' lang='grc' dir='ltr'>Ὠκεανοῦ</span> <span class='ocrx_word' id='word_1_44' title='bbox 355 1259 497 1345; x_wconf 75' lang='grc' dir='ltr'>Ἡρακλέα.</span> 
     </span>
    </p>

    <p class='ocr_par' dir='ltr' id='par_1_4' title="bbox 216 1432 983 1953">
     <span class='ocr_line' id='line_1_8' title="bbox 255 1432 980 1512; baseline -0.01 -15"><span class='ocrx_word' id='word_1_45' title='bbox 255 1440 350 1497; x_wconf 83' lang='lat' dir='ltr'>Sehol.</span> <span class='ocrx_word' id='word_1_46' title='bbox 364 1438 484 1498; x_wconf 85' lang='lat' dir='ltr'>Pindari</span> <span class='ocrx_word' id='word_1_47' title='bbox 503 1437 587 1512; x_wconf 89' lang='lat' dir='ltr'>Pyth.</span> <span class='ocrx_word' id='word_1_48' title='bbox 605 1438 657 1503; x_wconf 88' lang='lat' dir='ltr'>lX,</span> <span class='ocrx_word' id='word_1_49' title='bbox 681 1437 734 1493; x_wconf 78' lang='lat'>183</span> <span class='ocrx_word' id='word_1_50' title='bbox 753 1457 760 1491; x_wconf 73' lang='grc' dir='ltr'>ε</span> <span class='ocrx_word' id='word_1_51' title='bbox 777 1432 980 1510; x_wconf 77' lang='grc' dir='ltr'>Ἀλεξίδαμον...</span> 
     </span>
     <span class='ocr_line' id='line_1_9' title="bbox 216 1518 982 1606; baseline -0.01 -21"><span class='ocrx_word' id='word_1_52' title='bbox 216 1527 335 1604; x_wconf 85' lang='grc' dir='ltr'>γενέσθαι</span> <span class='ocrx_word' id='word_1_53' title='bbox 348 1530 486 1606; x_wconf 76' lang='grc' dir='ltr'>μνηστῆρα</span> <span class='ocrx_word' id='word_1_54' title='bbox 507 1528 553 1595; x_wconf 70' lang='grc' dir='ltr'>τῆς</span> <span class='ocrx_word' id='word_1_55' title='bbox 570 1522 692 1597; x_wconf 82' lang='grc' dir='ltr'>Ἀνταίου</span> <span class='ocrx_word' id='word_1_56' title='bbox 704 1520 841 1601; x_wconf 83' lang='grc' dir='ltr'>θυγατρός·</span> <span class='ocrx_word' id='word_1_57' title='bbox 860 1520 942 1596; x_wconf 85' lang='grc' dir='ltr'>ὄνομα</span> <span class='ocrx_word' id='word_1_58' title='bbox 954 1518 982 1578; x_wconf 79' lang='grc' dir='ltr'>δὲ</span> 
     </span>
     <span class='ocr_line' id='line_1_10' title="bbox 217 1607 982 1694; baseline -0.008 -23"><span class='ocrx_word' id='word_1_59' title='bbox 217 1616 281 1692; x_wconf 69' lang='grc' dir='ltr'>αὐτῇ</span> <span class='ocrx_word' id='word_1_60' title='bbox 293 1608 396 1685; x_wconf 60' lang='lat' dir='ltr'>’cilenia</span> <span class='ocrx_word' id='word_1_61' title='bbox 404 1660 412 1687; x_wconf 89' lang='lat'><strong>,</strong></span> <span class='ocrx_word' id='word_1_62' title='bbox 421 1612 456 1680; x_wconf 80' lang='grc' dir='ltr'>ὥς</span> <span class='ocrx_word' id='word_1_63' title='bbox 465 1636 529 1694; x_wconf 78' lang='grc' dir='ltr'>ρησι</span> <span class='ocrx_word' id='word_1_64' title='bbox 540 1610 722 1691; x_wconf 86' lang='grc' dir='ltr'>Πείσανδροςθ</span> <span class='ocrx_word' id='word_1_65' title='bbox 732 1607 877 1692; x_wconf 85' lang='grc' dir='ltr'>Καμειρεύς</span> <span class='ocrx_word' id='word_1_66' title='bbox 885 1633 891 1644; x_wconf 90' lang='grc'><em>·</em></span> <span class='ocrx_word' id='word_1_67' title='bbox 900 1607 982 1689; x_wconf 77' lang='grc' dir='ltr'>ἕτεροι</span> 
     </span>
     <span class='ocr_line' id='line_1_11' title="bbox 218 1697 982 1782; baseline -0.007 -23"><span class='ocrx_word' id='word_1_68' title='bbox 218 1700 245 1759; x_wconf 80' lang='grc' dir='ltr'>δὲ</span> <span class='ocrx_word' id='word_1_69' title='bbox 260 1702 378 1782; x_wconf 88' lang='grc' dir='ltr'>Βάρκην.</span> <span class='ocrx_word' id='word_1_70' title='bbox 400 1704 468 1761; x_wconf 81' lang='lat' dir='ltr'>Haec</span> <span class='ocrx_word' id='word_1_71' title='bbox 492 1703 553 1759; x_wconf 93' lang='lat' dir='ltr'>sine</span> <span class='ocrx_word' id='word_1_72' title='bbox 576 1699 666 1759; x_wconf 89' lang='lat' dir='ltr'>dubio</span> <span class='ocrx_word' id='word_1_73' title='bbox 686 1699 722 1757; x_wconf 90' lang='lat' dir='ltr'>ad</span> <span class='ocrx_word' id='word_1_74' title='bbox 743 1700 838 1755; x_wconf 84' lang='lat' dir='ltr'>locrim</span> <span class='ocrx_word' id='word_1_75' title='bbox 854 1698 890 1755; x_wconf 84' lang='lat' dir='ltr'>de</span> <span class='ocrx_word' id='word_1_76' title='bbox 906 1697 982 1754; x_wconf 86' lang='lat' dir='ltr'>lucta</span> 
     </span>
     <span class='ocr_line' id='line_1_12' title="bbox 217 1786 983 1867; baseline -0.004 -21"><span class='ocrx_word' id='word_1_77' title='bbox 217 1812 280 1847; x_wconf 86' lang='lat' dir='ltr'>rum</span> <span class='ocrx_word' id='word_1_78' title='bbox 298 1796 397 1848; x_wconf 69' lang='lat' dir='ltr'>rirrtaeo</span> <span class='ocrx_word' id='word_1_79' title='bbox 414 1790 568 1867; x_wconf 82' lang='lat' dir='ltr'><strong>pertinent.</strong></span> <span class='ocrx_word' id='word_1_80' title='bbox 588 1789 670 1847; x_wconf 84' lang='lat' dir='ltr'>Conl.</span> <span class='ocrx_word' id='word_1_81' title='bbox 691 1788 725 1845; x_wconf 88' lang='grc' dir='ltr'>Ο.</span> <span class='ocrx_word' id='word_1_82' title='bbox 744 1787 856 1845; x_wconf 88' lang='lat' dir='ltr'>liliiller.</span> <span class='ocrx_word' id='word_1_83' title='bbox 878 1786 983 1862; x_wconf 78' lang='lat' dir='ltr'>Minyis</span> 
     </span>
     <span class='ocr_line' id='line_1_13' title="bbox 219 1881 328 1953; baseline 0.009 -20"><span class='ocrx_word' id='word_1_84' title='bbox 219 1898 245 1953; x_wconf 93' lang='lat' dir='ltr'>p.</span> <span class='ocrx_word' id='word_1_85' title='bbox 262 1881 328 1945; x_wconf 65' lang='lat'>346.</span> 
     </span>
    </p>

    <p class='ocr_par' dir='ltr' id='par_1_5' title="bbox 594 1964 814 2032">
     <span class='ocr_line' id='line_1_14' title="bbox 594 1964 814 2032; baseline -0.009 2"><span class='ocrx_word' id='word_1_86' title='bbox 594 1964 620 2022; x_wconf 85' lang='lat'>7·</span> <span class='ocrx_word' id='word_1_87' title='bbox 811 2026 814 2032; x_wconf 89' lang='lat'>.</span> 
     </span>
    </p>

    <p class='ocr_par' dir='ltr' id='par_1_6' title="bbox 218 2051 985 2307">
     <span class='ocr_line' id='line_1_15' title="bbox 260 2051 985 2132; baseline 0 -23"><span class='ocrx_word' id='word_1_88' title='bbox 260 2053 357 2111; x_wconf 83' lang='lat' dir='ltr'>Scliol.</span> <span class='ocrx_word' id='word_1_89' title='bbox 374 2051 820 2129; x_wconf 66' lang='lat' dir='ltr'>llav.riiistopl1anisNub.1047</span> <span class='ocrx_word' id='word_1_90' title='bbox 836 2075 841 2107; x_wconf 92' lang='lat'>:</span> <span class='ocrx_word' id='word_1_91' title='bbox 859 2051 985 2132; x_wconf 85' lang='grc' dir='ltr'>Ἡρακλεῖ</span> 
     </span>
     <span class='ocr_line' id='line_1_16' title="bbox 218 2136 985 2219; baseline 0.001 -25"><span class='ocrx_word' id='word_1_92' title='bbox 218 2136 305 2195; x_wconf 78' lang='grc' dir='ltr'>πολλά</span> <span class='ocrx_word' id='word_1_93' title='bbox 316 2137 427 2216; x_wconf 75' lang='grc' dir='ltr'>καμόντι</span> <span class='ocrx_word' id='word_1_94' title='bbox 436 2138 560 2216; x_wconf 72' lang='lat' dir='ltr'>(vulgata</span> <span class='ocrx_word' id='word_1_95' title='bbox 569 2138 727 2217; x_wconf 77' lang='grc' dir='ltr'>μογήσαντι)</span> <span class='ocrx_word' id='word_1_96' title='bbox 741 2137 801 2217; x_wconf 75' lang='grc' dir='ltr'>περὶ</span> <span class='ocrx_word' id='word_1_97' title='bbox 810 2138 985 2219; x_wconf 79' lang='grc' dir='ltr'>Θερμοπύλας</span> 
     </span>
     <span class='ocr_line' id='line_1_17' title="bbox 219 2224 984 2307; baseline 0 -24"><span class='ocrx_word' id='word_1_98' title='bbox 219 2224 312 2295; x_wconf 74' lang='grc' dir='ltr'>Ἀθηνᾶ</span> <span class='ocrx_word' id='word_1_99' title='bbox 331 2224 414 2305; x_wconf 77' lang='grc' dir='ltr'>θερμά</span> <span class='ocrx_word' id='word_1_100' title='bbox 428 2224 525 2307; x_wconf 75' lang='grc' dir='ltr'>λουτρά</span> <span class='ocrx_word' id='word_1_101' title='bbox 544 2226 714 2283; x_wconf 78' lang='grc' dir='ltr'>ἀναδεθωκεν.</span> <span class='ocrx_word' id='word_1_102' title='bbox 727 2227 824 2303; x_wconf 68' lang='lat' dir='ltr'>(vulg.</span> <span class='ocrx_word' id='word_1_103' title='bbox 841 2227 984 2307; x_wconf 81' lang='grc' dir='ltr'>ἐπαρῆκεν,</span> 
     </span>
    </p>
   </div>
   <div class='ocr_carea' id='block_1_4' title="bbox 1026 800 1799 2231">
    <p class='ocr_par' dir='ltr' id='par_1_7' title="bbox 1065 800 1797 883">
     <span class='ocr_line' id='line_1_18' title="bbox 1065 800 1797 883; baseline -0.008 -18"><span class='ocrx_word' id='word_1_104' title='bbox 1065 805 1243 881; x_wconf 86' lang='lat' dir='ltr'>llesyeliius:</span> <span class='ocrx_word' id='word_1_105' title='bbox 1259 805 1348 870; x_wconf 77' lang='grc' dir='ltr'>«Νοῦς</span> <span class='ocrx_word' id='word_1_106' title='bbox 1364 804 1394 861; x_wconf 87' lang='grc' dir='ltr'>οῦ</span> <span class='ocrx_word' id='word_1_107' title='bbox 1411 800 1482 883; x_wconf 78' lang='grc' dir='ltr'>παρδι</span> <span class='ocrx_word' id='word_1_108' title='bbox 1505 801 1697 883; x_wconf 77' lang='grc' dir='ltr'>Κενταύροισι’</span> <span class='ocrx_word' id='word_1_109' title='bbox 1714 832 1725 854; x_wconf 88' lang='grc' dir='ltr'>ν</span> <span class='ocrx_word' id='word_1_110' title='bbox 1741 825 1797 859; x_wconf 80' lang='grc' dir='ltr'>πα-</span> 
     </span>
    </p>

    <p class='ocr_par' dir='ltr' id='par_1_8' title="bbox 1027 889 1798 975">
     <span class='ocr_line' id='line_1_19' title="bbox 1027 889 1798 975; baseline -0.001 -24"><span class='ocrx_word' id='word_1_111' title='bbox 1027 893 1167 975; x_wconf 84' lang='grc' dir='ltr'>ροιμιῶδες.</span> <span class='ocrx_word' id='word_1_112' title='bbox 1181 891 1260 950; x_wconf 84' lang='grc' dir='ltr'>Ἔστι</span> <span class='ocrx_word' id='word_1_113' title='bbox 1278 890 1306 948; x_wconf 79' lang='grc' dir='ltr'>δὲ</span> <span class='ocrx_word' id='word_1_114' title='bbox 1319 889 1482 971; x_wconf 76' lang='grc' dir='ltr'>Πεισάνδρου</span> <span class='ocrx_word' id='word_1_115' title='bbox 1497 890 1658 967; x_wconf 81' lang='grc' dir='ltr'>κομμάτιον,</span> <span class='ocrx_word' id='word_1_116' title='bbox 1677 891 1724 949; x_wconf 77' lang='grc' dir='ltr'>ἐπὶ</span> <span class='ocrx_word' id='word_1_117' title='bbox 1746 894 1798 950; x_wconf 74' lang='lat' dir='ltr'>*rain</span> 
     </span>
    </p>

    <p class='ocr_par' dir='ltr' id='par_1_9' title="bbox 1546 980 1552 999">
     <span class='ocr_line' id='line_1_20' title="bbox 1546 980 1552 999; baseline 0 -1"><span class='ocrx_word' id='word_1_118' title='bbox 1546 980 1552 999; x_wconf 68' lang='grc' dir='ltr'>ι</span> 
     </span>
    </p>

    <p class='ocr_par' dir='ltr' id='par_1_10' title="bbox 1026 1002 1799 1648">
     <span class='ocr_line' id='line_1_21' title="bbox 1543 1002 1556 1036; baseline 0 0"><span class='ocrx_word' id='word_1_119' title='bbox 1543 1002 1556 1036; x_wconf 94' lang='grc' dir='ltr'>ε</span> 
     </span>
     <span class='ocr_line' id='line_1_22' title="bbox 1026 1050 1798 1138; baseline -0.001 -20"><span class='ocrx_word' id='word_1_120' title='bbox 1026 1059 1162 1119; x_wconf 85' lang='grc' dir='ltr'>ἀδυνάτων</span> <span class='ocrx_word' id='word_1_121' title='bbox 1169 1058 1336 1138; x_wconf 85' lang='grc' dir='ltr'>ταττόμενον.</span> <span class='ocrx_word' id='word_1_122' title='bbox 1347 1058 1446 1116; x_wconf 82' lang='lat' dir='ltr'>Codex</span> <span class='ocrx_word' id='word_1_123' title='bbox 1455 1059 1489 1116; x_wconf 88' lang='lat' dir='ltr'>N.</span> <span class='ocrx_word' id='word_1_124' title='bbox 1502 1050 1532 1115; x_wconf 78' lang='grc' dir='ltr'>οῦ</span> <span class='ocrx_word' id='word_1_125' title='bbox 1542 1081 1565 1115; x_wconf 86' lang='grc' dir='ltr'>π</span> <span class='ocrx_word' id='word_1_126' title='bbox 1577 1060 1660 1117; x_wconf 83' lang='grc' dir='ltr'>Κεντ.</span> <span class='ocrx_word' id='word_1_127' title='bbox 1675 1060 1798 1118; x_wconf 86' lang='lat' dir='ltr'>Photius</span> 
     </span>
     <span class='ocr_line' id='line_1_23' title="bbox 1026 1144 1798 1229; baseline -0.003 -22"><span class='ocrx_word' id='word_1_128' title='bbox 1026 1163 1055 1207; x_wconf 86' lang='lat' dir='ltr'>et</span> <span class='ocrx_word' id='word_1_129' title='bbox 1066 1150 1186 1213; x_wconf 89' lang='lat' dir='ltr'>Suidas:</span> <span class='ocrx_word' id='word_1_130' title='bbox 1209 1151 1304 1215; x_wconf 78' lang='grc' dir='ltr'>«Νοῦς</span> <span class='ocrx_word' id='word_1_131' title='bbox 1322 1149 1369 1205; x_wconf 86' lang='grc' dir='ltr'>οθκ</span> <span class='ocrx_word' id='word_1_132' title='bbox 1384 1145 1421 1204; x_wconf 83' lang='grc' dir='ltr'>ἔνι</span> <span class='ocrx_word' id='word_1_133' title='bbox 1443 1144 1619 1225; x_wconf 84' lang='grc' dir='ltr'>Κενταύροις·</span> <span class='ocrx_word' id='word_1_134' title='bbox 1634 1173 1647 1198; x_wconf 76' lang='grc' dir='ltr'>ν</span> <span class='ocrx_word' id='word_1_135' title='bbox 1667 1148 1798 1229; x_wconf 79' lang='grc' dir='ltr'>παροιμία</span> 
     </span>
     <span class='ocr_line' id='line_1_24' title="bbox 1026 1233 1798 1314; baseline -0.003 -19"><span class='ocrx_word' id='word_1_136' title='bbox 1026 1236 1134 1295; x_wconf 73' lang='grc' dir='ltr'>ἐπὶτῶν</span> <span class='ocrx_word' id='word_1_137' title='bbox 1146 1235 1280 1296; x_wconf 82' lang='grc' dir='ltr'>ἀδυνάτων</span> <span class='ocrx_word' id='word_1_138' title='bbox 1293 1234 1350 1314; x_wconf 77' lang='grc' dir='ltr'>(καί</span> <span class='ocrx_word' id='word_1_139' title='bbox 1363 1233 1478 1306; x_wconf 76' lang='grc' dir='ltr'>ἀνοήτων</span> <span class='ocrx_word' id='word_1_140' title='bbox 1495 1234 1578 1292; x_wconf 85' lang='lat' dir='ltr'>addit</span> <span class='ocrx_word' id='word_1_141' title='bbox 1591 1234 1690 1311; x_wconf 77' lang='lat' dir='ltr'>said.)</span> <span class='ocrx_word' id='word_1_142' title='bbox 1705 1258 1798 1293; x_wconf 88' lang='grc' dir='ltr'>ταττο-</span> 
     </span>
     <span class='ocr_line' id='line_1_25' title="bbox 1027 1323 1798 1404; baseline -0.006 -21"><span class='ocrx_word' id='word_1_143' title='bbox 1027 1323 1103 1404; x_wconf 78' lang='grc' dir='ltr'>μένη.</span> <span class='ocrx_word' id='word_1_144' title='bbox 1130 1327 1218 1384; x_wconf 79' lang='lat' dir='ltr'>Aliter</span> <span class='ocrx_word' id='word_1_145' title='bbox 1238 1326 1432 1402; x_wconf 78' lang='lat' dir='ltr'>Diogenianus</span> <span class='ocrx_word' id='word_1_146' title='bbox 1448 1325 1496 1393; x_wconf 82' lang='lat' dir='ltr'>Vl,</span> <span class='ocrx_word' id='word_1_147' title='bbox 1509 1326 1558 1396; x_wconf 76' lang='lat'>84,</span> <span class='ocrx_word' id='word_1_148' title='bbox 1574 1336 1603 1381; x_wconf 87' lang='lat' dir='ltr'>et</span> <span class='ocrx_word' id='word_1_149' title='bbox 1626 1324 1721 1381; x_wconf 84' lang='lat' dir='ltr'>Vatic.</span> <span class='ocrx_word' id='word_1_150' title='bbox 1741 1331 1798 1402; x_wconf 72' lang='lat' dir='ltr'>np-</span> 
     </span>
     <span class='ocr_line' id='line_1_26' title="bbox 1027 1409 1798 1493; baseline -0.004 -23"><span class='ocrx_word' id='word_1_151' title='bbox 1027 1414 1113 1491; x_wconf 89' lang='lat' dir='ltr'>pend.</span> <span class='ocrx_word' id='word_1_152' title='bbox 1128 1416 1178 1486; x_wconf 91' lang='lat' dir='ltr'>lll,</span> <span class='ocrx_word' id='word_1_153' title='bbox 1197 1435 1245 1471; x_wconf 86' lang='lat' dir='ltr'>ao:</span> <span class='ocrx_word' id='word_1_154' title='bbox 1256 1414 1378 1480; x_wconf 71' lang='grc' dir='ltr'>«Νοῦςοθ</span> <span class='ocrx_word' id='word_1_155' title='bbox 1393 1409 1467 1493; x_wconf 86' lang='grc' dir='ltr'>παρδι</span> <span class='ocrx_word' id='word_1_156' title='bbox 1480 1409 1650 1491; x_wconf 81' lang='grc' dir='ltr'>Κενταύροις·</span> <span class='ocrx_word' id='word_1_157' title='bbox 1665 1439 1678 1462; x_wconf 78' lang='grc' dir='ltr'>ν</span> <span class='ocrx_word' id='word_1_158' title='bbox 1695 1410 1798 1469; x_wconf 76' lang='grc' dir='ltr'>ἐπὶτῶν</span> 
     </span>
     <span class='ocr_line' id='line_1_27' title="bbox 1027 1496 1799 1580; baseline -0.004 -22"><span class='ocrx_word' id='word_1_159' title='bbox 1027 1500 1210 1578; x_wconf 83' lang='grc' dir='ltr'>ἐπιλησμόνων</span> <span class='ocrx_word' id='word_1_160' title='bbox 1220 1501 1265 1560; x_wconf 73' lang='grc' dir='ltr'>καί</span> <span class='ocrx_word' id='word_1_161' title='bbox 1276 1502 1447 1561; x_wconf 83' lang='grc' dir='ltr'>πλεονεκτῶν·</span> <span class='ocrx_word' id='word_1_162' title='bbox 1457 1496 1574 1580; x_wconf 84' lang='grc' dir='ltr'>παρόσον</span> <span class='ocrx_word' id='word_1_163' title='bbox 1588 1497 1641 1557; x_wconf 80' lang='grc' dir='ltr'>ῦπδ</span> <span class='ocrx_word' id='word_1_164' title='bbox 1653 1498 1799 1566; x_wconf 76' lang='grc' dir='ltr'>πλεονεξίας</span> 
     </span>
     <span class='ocr_line' id='line_1_28' title="bbox 1027 1589 1170 1648; baseline -0.007 0"><span class='ocrx_word' id='word_1_165' title='bbox 1027 1589 1170 1648; x_wconf 84' lang='grc' dir='ltr'>ἀπώλοντο.</span> 
     </span>
    </p>

    <p class='ocr_par' dir='ltr' id='par_1_11' title="bbox 1390 1678 1432 1734">
     <span class='ocr_line' id='line_1_29' title="bbox 1390 1678 1432 1734; baseline -0.024 0"><span class='ocrx_word' id='word_1_166' title='bbox 1390 1678 1432 1734; x_wconf 92' lang='lat'>10.</span> 
     </span>
    </p>

    <p class='ocr_par' dir='ltr' id='par_1_12' title="bbox 1030 1774 1798 2034">
     <span class='ocr_line' id='line_1_30' title="bbox 1069 1774 1795 1854; baseline -0.006 -20"><span class='ocrx_word' id='word_1_167' title='bbox 1069 1776 1269 1854; x_wconf 83' lang='lat' dir='ltr'>Olympiodor.</span> <span class='ocrx_word' id='word_1_168' title='bbox 1292 1779 1323 1836; x_wconf 92' lang='lat' dir='ltr'>ln</span> <span class='ocrx_word' id='word_1_169' title='bbox 1337 1778 1465 1835; x_wconf 83' lang='lat' dir='ltr'>Platonis</span> <span class='ocrx_word' id='word_1_170' title='bbox 1483 1774 1575 1837; x_wconf 67' lang='lat' dir='ltr'>nicil),</span> <span class='ocrx_word' id='word_1_171' title='bbox 1592 1777 1622 1847; x_wconf 91' lang='lat' dir='ltr'>l,</span> <span class='ocrx_word' id='word_1_172' title='bbox 1635 1797 1665 1853; x_wconf 92' lang='lat' dir='ltr'>p.</span> <span class='ocrx_word' id='word_1_173' title='bbox 1684 1776 1735 1846; x_wconf 80' lang='lat'>¹57</span> <span class='ocrx_word' id='word_1_174' title='bbox 1754 1776 1795 1831; x_wconf 88' lang='lat' dir='ltr'>ed.</span> 
     </span>
     <span class='ocr_line' id='line_1_31' title="bbox 1030 1862 1798 1946; baseline -0.007 -22"><span class='ocrx_word' id='word_1_175' title='bbox 1030 1868 1163 1924; x_wconf 87' lang='lat' dir='ltr'>Creuzer.</span> <span class='ocrx_word' id='word_1_176' title='bbox 1178 1888 1184 1921; x_wconf 75' lang='grc' dir='ltr'>ε</span> <span class='ocrx_word' id='word_1_177' title='bbox 1201 1864 1249 1925; x_wconf 88' lang='grc' dir='ltr'>Διό</span> <span class='ocrx_word' id='word_1_178' title='bbox 1263 1888 1327 1946; x_wconf 81' lang='grc' dir='ltr'>ρησι</span> <span class='ocrx_word' id='word_1_179' title='bbox 1342 1865 1401 1946; x_wconf 79' lang='grc' dir='ltr'>περὶ</span> <span class='ocrx_word' id='word_1_180' title='bbox 1415 1868 1490 1922; x_wconf 74' lang='grc' dir='ltr'>αῦτοῦ</span> <span class='ocrx_word' id='word_1_181' title='bbox 1506 1866 1554 1940; x_wconf 87' lang='lat' dir='ltr'>(de</span> <span class='ocrx_word' id='word_1_182' title='bbox 1565 1864 1704 1941; x_wconf 67' lang='lat' dir='ltr'>Hercule}</span> <span class='ocrx_word' id='word_1_183' title='bbox 1716 1867 1730 1921; x_wconf 88' lang='grc' dir='ltr'>θ</span> <span class='ocrx_word' id='word_1_184' title='bbox 1741 1862 1798 1921; x_wconf 87' lang='grc' dir='ltr'>Πεί-</span> 
     </span>
     <span class='ocr_line' id='line_1_32' title="bbox 1031 1955 1157 2034; baseline 0.016 -24"><span class='ocrx_word' id='word_1_185' title='bbox 1031 1955 1157 2034; x_wconf 89' lang='grc' dir='ltr'>σανδρος·</span> 
     </span>
    </p>

    <p class='ocr_par' dir='ltr' id='par_1_13' title="bbox 1031 2059 1747 2231">
     <span class='ocr_line' id='line_1_33' title="bbox 1230 2059 1747 2139; baseline -0.008 -19"><span class='ocrx_word' id='word_1_186' title='bbox 1230 2131 1234 2137; x_wconf 90' lang='lat'>.</span> <span class='ocrx_word' id='word_1_187' title='bbox 1406 2059 1581 2119; x_wconf 83' lang='grc' dir='ltr'>Δικαιοτάτου</span> <span class='ocrx_word' id='word_1_188' title='bbox 1593 2082 1621 2117; x_wconf 92' lang='grc' dir='ltr'>τε</span> <span class='ocrx_word' id='word_1_189' title='bbox 1634 2063 1747 2139; x_wconf 75' lang='grc' dir='ltr'>ρονῆος·</span> 
     </span>
     <span class='ocr_line' id='line_1_34' title="bbox 1031 2146 1525 2231; baseline -0.006 -23"><span class='ocrx_word' id='word_1_190' title='bbox 1031 2149 1073 2208; x_wconf 80' lang='grc' dir='ltr'>ἐπὶ</span> <span class='ocrx_word' id='word_1_191' title='bbox 1085 2148 1135 2231; x_wconf 79' lang='grc' dir='ltr'>γάρ</span> <span class='ocrx_word' id='word_1_192' title='bbox 1149 2147 1316 2229; x_wconf 80' lang='grc' dir='ltr'>καθαρότητα</span> <span class='ocrx_word' id='word_1_193' title='bbox 1329 2146 1419 2229; x_wconf 80' lang='grc' dir='ltr'>ρόνους</span> <span class='ocrx_word' id='word_1_194' title='bbox 1436 2146 1525 2205; x_wconf 80' lang='grc' dir='ltr'>ἐποίει.</span> 
     </span>
    </p>
   </div>
   <div class='ocr_carea' id='block_1_5' title="bbox 1330 2285 1492 2309">
    <p class='ocr_par' dir='ltr' id='par_1_14' title="bbox 1330 2285 1492 2309">
     <span class='ocr_line' id='line_1_35' title="bbox 1330 2285 1492 2309; baseline 0 -4"><span class='ocrx_word' id='word_1_195' title='bbox 1330 2285 1492 2309; x_wconf 49' lang='lat' dir='ltr'>—QOOOQ-</span> 
     </span>
    </p>
   </div>
   <div class='ocr_carea' id='block_1_6' title="bbox 220 2311 1029 2396">
    <p class='ocr_par' dir='ltr' id='par_1_15' title="bbox 220 2311 1029 2396">
     <span class='ocr_line' id='line_1_36' title="bbox 220 2311 1029 2396; baseline 0.004 -28"><span class='ocrx_word' id='word_1_196' title='bbox 220 2314 287 2370; x_wconf 75' lang='lat' dir='ltr'>l⁷en.</span> <span class='ocrx_word' id='word_1_197' title='bbox 310 2314 373 2393; x_wconf 80' lang='grc' dir='ltr'>ρασὶ</span> <span class='ocrx_word' id='word_1_198' title='bbox 388 2311 434 2384; x_wconf 79' lang='grc' dir='ltr'>τὴν</span> <span class='ocrx_word' id='word_1_199' title='bbox 451 2314 559 2384; x_wconf 77' lang='grc' dir='ltr'>Ἀθηνᾶν</span> <span class='ocrx_word' id='word_1_200' title='bbox 572 2312 732 2396; x_wconf 80' lang='grc' dir='ltr'>χαρίσασθαι</span> <span class='ocrx_word' id='word_1_201' title='bbox 757 2317 794 2393; x_wconf 76' lang='grc' dir='ltr'>τῷ</span> <span class='ocrx_word' id='word_1_202' title='bbox 818 2312 878 2393; x_wconf 58' lang='lat' dir='ltr'>‘Hp</span> <span class='ocrx_word' id='word_1_203' title='bbox 904 2319 926 2372; x_wconf 94' lang='grc' dir='ltr'>θ.</span> <span class='ocrx_word' id='word_1_204' title='bbox 946 2314 984 2383; x_wconf 79' lang='grc' dir='ltr'>λ,</span> <span class='ocrx_word' id='word_1_205' title='bbox 1027 2324 1029 2329; x_wconf 85' lang='grc'><strong>’</strong></span> 
     </span>
    </p>
   </div>
   <div class='ocr_carea' id='block_1_7' title="bbox 219 2406 936 2690">
    <p class='ocr_par' dir='ltr' id='par_1_16' title="bbox 219 2406 936 2690">
     <span class='ocr_line' id='line_1_37' title="bbox 219 2406 454 2489; baseline 0.013 -26"><span class='ocrx_word' id='word_1_206' title='bbox 219 2408 263 2483; x_wconf 85' lang='grc' dir='ltr'>ὡς)</span> <span class='ocrx_word' id='word_1_207' title='bbox 281 2406 454 2489; x_wconf 82' lang='grc' dir='ltr'>Πείσανδρος·</span> 
     </span>
     <span class='ocr_line' id='line_1_38' title="bbox 278 2510 936 2592; baseline 0 -22"><span class='ocrx_word' id='word_1_208' title='bbox 278 2514 325 2591; x_wconf 81' lang='grc' dir='ltr'>Τῷ</span> <span class='ocrx_word' id='word_1_209' title='bbox 337 2511 358 2568; x_wconf 89' lang='grc' dir='ltr'>δ’</span> <span class='ocrx_word' id='word_1_210' title='bbox 370 2513 396 2569; x_wconf 80' lang='grc' dir='ltr'>ἐν</span> <span class='ocrx_word' id='word_1_211' title='bbox 408 2510 601 2592; x_wconf 77' lang='grc' dir='ltr'>Θερμοπύλῃσι</span> <span class='ocrx_word' id='word_1_212' title='bbox 617 2512 663 2569; x_wconf 76' lang='grc' dir='ltr'>θεά</span> <span class='ocrx_word' id='word_1_213' title='bbox 677 2514 829 2590; x_wconf 85' lang='grc' dir='ltr'>γλαυκῶπις</span> <span class='ocrx_word' id='word_1_214' title='bbox 842 2511 936 2584; x_wconf 80' lang='grc' dir='ltr'>Ἀθήνη</span> 
     </span>
     <span class='ocr_line' id='line_1_39' title="bbox 277 2605 910 2690; baseline 0.003 -26"><span class='ocrx_word' id='word_1_215' title='bbox 277 2605 347 2665; x_wconf 88' lang='grc' dir='ltr'>ποίει</span> <span class='ocrx_word' id='word_1_216' title='bbox 362 2606 444 2687; x_wconf 77' lang='grc' dir='ltr'>θερμά</span> <span class='ocrx_word' id='word_1_217' title='bbox 459 2607 554 2690; x_wconf 87' lang='grc' dir='ltr'>λοετρδι</span> <span class='ocrx_word' id='word_1_218' title='bbox 565 2607 638 2689; x_wconf 74' lang='grc' dir='ltr'>παρὰ</span> <span class='ocrx_word' id='word_1_219' title='bbox 651 2612 757 2689; x_wconf 78' lang='grc' dir='ltr'>ῥηγμῖνι</span> <span class='ocrx_word' id='word_1_220' title='bbox 769 2608 910 2681; x_wconf 76' lang='grc' dir='ltr'>θαλάσσης.</span> 
     </span>
    </p>
   </div>
   <div class='ocr_carea' id='block_1_8' title="bbox 219 2728 987 3613">
    <p class='ocr_par' dir='ltr' id='par_1_17' title="bbox 219 2728 987 3246">
     <span class='ocr_line' id='line_1_40' title="bbox 219 2728 986 2811; baseline 0 -23"><span class='ocrx_word' id='word_1_221' title='bbox 219 2729 364 2788; x_wconf 86' lang='lat' dir='ltr'>Zenobius</span> <span class='ocrx_word' id='word_1_222' title='bbox 387 2731 472 2787; x_wconf 89' lang='lat' dir='ltr'>Prov.</span> <span class='ocrx_word' id='word_1_223' title='bbox 489 2730 536 2800; x_wconf 87' lang='lat' dir='ltr'>Vl,</span> <span class='ocrx_word' id='word_1_224' title='bbox 553 2739 589 2806; x_wconf 76' lang='grc'>49</span> <span class='ocrx_word' id='word_1_225' title='bbox 608 2753 613 2787; x_wconf 94' lang='lat'>:</span> <span class='ocrx_word' id='word_1_226' title='bbox 633 2728 668 2789; x_wconf 87' lang='lat' dir='ltr'>‘H</span> <span class='ocrx_word' id='word_1_227' title='bbox 690 2729 784 2802; x_wconf 67' lang='grc' dir='ltr'>Ἀθηνᾶ</span> <span class='ocrx_word' id='word_1_228' title='bbox 805 2734 842 2811; x_wconf 80' lang='grc' dir='ltr'>τῷ</span> <span class='ocrx_word' id='word_1_229' title='bbox 859 2729 986 2811; x_wconf 81' lang='grc' dir='ltr'>Ἱίρακλεῐ</span> 
     </span>
     <span class='ocr_line' id='line_1_41' title="bbox 221 2813 987 2897; baseline 0.005 -26"><span class='ocrx_word' id='word_1_230' title='bbox 221 2817 301 2885; x_wconf 68' lang='grc' dir='ltr'>άνῆκε</span> <span class='ocrx_word' id='word_1_231' title='bbox 315 2816 451 2894; x_wconf 71' lang='grc' dir='ltr'>πολλαχοῦ</span> <span class='ocrx_word' id='word_1_232' title='bbox 468 2813 551 2893; x_wconf 81' lang='grc' dir='ltr'>θερμδι</span> <span class='ocrx_word' id='word_1_233' title='bbox 565 2814 662 2897; x_wconf 74' lang='grc' dir='ltr'>λουτρά</span> <span class='ocrx_word' id='word_1_234' title='bbox 689 2816 753 2895; x_wconf 78' lang='grc' dir='ltr'>πρὸς</span> <span class='ocrx_word' id='word_1_235' title='bbox 766 2818 921 2876; x_wconf 82' lang='grc' dir='ltr'>ἀνάπαυλαν</span> <span class='ocrx_word' id='word_1_236' title='bbox 936 2816 987 2875; x_wconf 89' lang='grc' dir='ltr'>πύ-</span> 
     </span>
     <span class='ocr_line' id='line_1_42' title="bbox 221 2902 987 2985; baseline 0.004 -26"><span class='ocrx_word' id='word_1_237' title='bbox 221 2926 282 2975; x_wconf 91' lang='grc' dir='ltr'>νων,</span> <span class='ocrx_word' id='word_1_238' title='bbox 298 2905 332 2969; x_wconf 77' lang='grc' dir='ltr'>ὡς</span> <span class='ocrx_word' id='word_1_239' title='bbox 355 2902 419 2985; x_wconf 62' lang='lat' dir='ltr'>puel</span> <span class='ocrx_word' id='word_1_240' title='bbox 439 2903 485 2961; x_wconf 77' lang='grc' dir='ltr'>καί</span> <span class='ocrx_word' id='word_1_241' title='bbox 500 2903 630 2984; x_wconf 81' lang='grc' dir='ltr'>Πίνδαρος</span> <span class='ocrx_word' id='word_1_242' title='bbox 655 2905 719 2980; x_wconf 87' lang='lat' dir='ltr'>(sic)</span> <span class='ocrx_word' id='word_1_243' title='bbox 733 2909 747 2963; x_wconf 83' lang='grc' dir='ltr'>θ</span> <span class='ocrx_word' id='word_1_244' title='bbox 761 2903 871 2976; x_wconf 75' lang='grc' dir='ltr'>ποιητὴς</span> <span class='ocrx_word' id='word_1_245' title='bbox 893 2908 919 2963; x_wconf 81' lang='grc' dir='ltr'>ἓν</span> <span class='ocrx_word' id='word_1_246' title='bbox 933 2914 987 2972; x_wconf 87' lang='grc' dir='ltr'>τοῖς</span> 
     </span>
     <span class='ocr_line' id='line_1_43' title="bbox 220 2988 986 3072; baseline 0.009 -26"><span class='ocrx_word' id='word_1_247' title='bbox 220 2989 278 3070; x_wconf 77' lang='grc' dir='ltr'>περὶ</span> <span class='ocrx_word' id='word_1_248' title='bbox 301 2988 470 3072; x_wconf 75' lang='grc' dir='ltr'>Ἡρακλέους.</span> <span class='ocrx_word' id='word_1_249' title='bbox 488 2992 629 3071; x_wconf 72' lang='grc' dir='ltr'>Πολλαχοῦ</span> <span class='ocrx_word' id='word_1_250' title='bbox 652 2993 726 3049; x_wconf 85' lang='lat' dir='ltr'>dixit</span> <span class='ocrx_word' id='word_1_251' title='bbox 749 2993 896 3051; x_wconf 84' lang='lat' dir='ltr'>Zenobins</span> <span class='ocrx_word' id='word_1_252' title='bbox 918 2996 986 3072; x_wconf 81' lang='lat' dir='ltr'>quia</span> 
     </span>
     <span class='ocr_line' id='line_1_44' title="bbox 222 3080 987 3161; baseline 0.007 -27"><span class='ocrx_word' id='word_1_253' title='bbox 222 3081 346 3136; x_wconf 88' lang='lat' dir='ltr'>narratio</span> <span class='ocrx_word' id='word_1_254' title='bbox 374 3080 409 3137; x_wconf 86' lang='lat' dir='ltr'>ad</span> <span class='ocrx_word' id='word_1_255' title='bbox 444 3081 512 3137; x_wconf 86' lang='lat' dir='ltr'>alias</span> <span class='ocrx_word' id='word_1_256' title='bbox 540 3101 656 3158; x_wconf 91' lang='lat' dir='ltr'>quoque</span> <span class='ocrx_word' id='word_1_257' title='bbox 685 3081 820 3152; x_wconf 83' lang='lat' dir='ltr'>thermas,</span> <span class='ocrx_word' id='word_1_258' title='bbox 843 3080 987 3161; x_wconf 82' lang='grc' dir='ltr'>Ἱίρακλεῖα</span> 
     </span>
     <span class='ocr_line' id='line_1_45' title="bbox 220 3165 569 3246; baseline 0.017 -24"><span class='ocrx_word' id='word_1_259' title='bbox 220 3165 569 3246; x_wconf 76' lang='grc' dir='ltr'>λουτρά,ιεαιιείυι“οίιειῑιιι·.</span> 
     </span>
    </p>

    <p class='ocr_par' dir='ltr' id='par_1_18' title="bbox 222 3256 987 3421">
     <span class='ocr_line' id='line_1_46' title="bbox 262 3256 987 3333; baseline 0 -19"><span class='ocrx_word' id='word_1_260' title='bbox 262 3256 354 3314; x_wconf 84' lang='lat' dir='ltr'>Etiam</span> <span class='ocrx_word' id='word_1_261' title='bbox 365 3258 513 3333; x_wconf 80' lang='lat' dir='ltr'>sequentia</span> <span class='ocrx_word' id='word_1_262' title='bbox 525 3258 683 3332; x_wconf 80' lang='lat' dir='ltr'>fragmenta</span> <span class='ocrx_word' id='word_1_263' title='bbox 698 3258 768 3313; x_wconf 90' lang='lat' dir='ltr'>nihil</span> <span class='ocrx_word' id='word_1_264' title='bbox 780 3271 821 3314; x_wconf 87' lang='lat' dir='ltr'>est</span> <span class='ocrx_word' id='word_1_265' title='bbox 837 3277 887 3313; x_wconf 85' lang='lat' dir='ltr'>rur</span> <span class='ocrx_word' id='word_1_266' title='bbox 899 3257 987 3314; x_wconf 88' lang='lat' dir='ltr'>reteri</span> 
     </span>
     <span class='ocr_line' id='line_1_47' title="bbox 222 3342 669 3421; baseline 0 -22"><span class='ocrx_word' id='word_1_267' title='bbox 222 3343 362 3400; x_wconf 76' lang='lat' dir='ltr'>Pisandro</span> <span class='ocrx_word' id='word_1_268' title='bbox 375 3365 431 3399; x_wconf 92' lang='lat' dir='ltr'>non</span> <span class='ocrx_word' id='word_1_269' title='bbox 448 3345 559 3421; x_wconf 86' lang='lat' dir='ltr'>possint</span> <span class='ocrx_word' id='word_1_270' title='bbox 572 3342 669 3401; x_wconf 84' lang='lat' dir='ltr'>tribui.</span> 
     </span>
    </p>

    <p class='ocr_par' dir='ltr' id='par_1_19' title="bbox 260 3532 817 3613">
     <span class='ocr_line' id='line_1_48' title="bbox 260 3532 817 3613; baseline 0.009 -27"><span class='ocrx_word' id='word_1_271' title='bbox 260 3532 392 3591; x_wconf 85' lang='lat' dir='ltr'>Stohaeus</span> <span class='ocrx_word' id='word_1_272' title='bbox 406 3536 426 3592; x_wconf 85' lang='lat' dir='ltr'>F</span> <span class='ocrx_word' id='word_1_273' title='bbox 429 3535 501 3591; x_wconf 89' lang='lat' dir='ltr'>loril.</span> <span class='ocrx_word' id='word_1_274' title='bbox 518 3536 579 3605; x_wconf 84' lang='lat' dir='ltr'>llll,</span> <span class='ocrx_word' id='word_1_275' title='bbox 594 3536 628 3590; x_wconf 85' lang='lat'>6:</span> <span class='ocrx_word' id='word_1_276' title='bbox 642 3533 817 3613; x_wconf 86' lang='grc' dir='ltr'>Πεισάνδρου·</span> 
     </span>
    </p>
   </div>
   <div class='ocr_carea' id='block_1_9' title="bbox 300 3635 947 3720">
    <p class='ocr_par' dir='ltr' id='par_1_20' title="bbox 300 3635 947 3720">
     <span class='ocr_line' id='line_1_49' title="bbox 300 3635 947 3720; baseline 0.006 -28"><span class='ocrx_word' id='word_1_277' title='bbox 300 3637 340 3692; x_wconf 73' lang='lat' dir='ltr'>Oi</span> <span class='ocrx_word' id='word_1_278' title='bbox 356 3635 458 3712; x_wconf 76' lang='grc' dir='ltr'>νέμεσις</span> <span class='ocrx_word' id='word_1_279' title='bbox 466 3636 511 3694; x_wconf 85' lang='grc' dir='ltr'>καί</span> <span class='ocrx_word' id='word_1_280' title='bbox 520 3639 611 3718; x_wconf 70' lang='grc' dir='ltr'>ψεῦδος</span> <span class='ocrx_word' id='word_1_281' title='bbox 625 3636 690 3720; x_wconf 79' lang='grc' dir='ltr'>ὑπὲρ</span> <span class='ocrx_word' id='word_1_282' title='bbox 705 3641 790 3719; x_wconf 73' lang='grc' dir='ltr'>ψυχῆς</span> <span class='ocrx_word' id='word_1_283' title='bbox 807 3639 947 3720; x_wconf 81' lang='grc' dir='ltr'>ἀγορεύειν.</span> 
     </span>
    </p>
   </div>
   <div class='ocr_carea' id='block_1_10' title="bbox 222 3747 988 3910">
    <p class='ocr_par' dir='ltr' id='par_1_21' title="bbox 222 3747 988 3910">
     <span class='ocr_line' id='line_1_50' title="bbox 223 3747 988 3827; baseline 0.009 -24"><span class='ocrx_word' id='word_1_284' title='bbox 223 3747 390 3803; x_wconf 73' lang='lat' dir='ltr'>«Poterant</span> <span class='ocrx_word' id='word_1_285' title='bbox 421 3750 491 3821; x_wconf 83' lang='lat' dir='ltr'>haee,</span> <span class='ocrx_word' id='word_1_286' title='bbox 518 3751 611 3827; x_wconf 85' lang='lat' dir='ltr'>inquit</span> <span class='ocrx_word' id='word_1_287' title='bbox 644 3754 792 3825; x_wconf 77' lang='lat' dir='ltr'>liliilleruS,</span> <span class='ocrx_word' id='word_1_288' title='bbox 816 3754 845 3810; x_wconf 93' lang='lat' dir='ltr'>in</span> <span class='ocrx_word' id='word_1_289' title='bbox 867 3752 988 3810; x_wconf 85' lang='lat' dir='ltr'>historia</span> 
     </span>
     <span class='ocr_line' id='line_1_51' title="bbox 222 3834 500 3910; baseline -0.018 -19"><span class='ocrx_word' id='word_1_290' title='bbox 222 3834 383 3910; x_wconf 82' lang='lat' dir='ltr'>Cercopum</span> <span class='ocrx_word' id='word_1_291' title='bbox 405 3834 500 3891; x_wconf 78' lang='lat' dir='ltr'>dici...</span> 
     </span>
    </p>
   </div>
   <div class='ocr_carea' id='block_1_11' title="bbox 222 3999 985 4132">
    <p class='ocr_par' dir='ltr' id='par_1_22' title="bbox 222 3999 985 4132">
     <span class='ocr_line' id='line_1_52' title="bbox 223 3999 985 4064; baseline 0.009 -19"><span class='ocrx_word' id='word_1_292' title='bbox 223 4011 270 4045; x_wconf 91' lang='lat' dir='ltr'>non</span> <span class='ocrx_word' id='word_1_293' title='bbox 282 4002 417 4061; x_wconf 87' lang='lat' dir='ltr'>peremptas</span> <span class='ocrx_word' id='word_1_294' title='bbox 432 4012 473 4048; x_wconf 88' lang='lat' dir='ltr'>eas</span> <span class='ocrx_word' id='word_1_295' title='bbox 490 3999 521 4048; x_wconf 91' lang='lat' dir='ltr'>ab</span> <span class='ocrx_word' id='word_1_296' title='bbox 532 4000 634 4049; x_wconf 81' lang='lat' dir='ltr'>Hercule</span> <span class='ocrx_word' id='word_1_297' title='bbox 645 4014 716 4062; x_wconf 83' lang='lat' dir='ltr'>ares,</span> <span class='ocrx_word' id='word_1_298' title='bbox 729 4002 770 4050; x_wconf 86' lang='lat' dir='ltr'>sed</span> <span class='ocrx_word' id='word_1_299' title='bbox 786 4003 985 4064; x_wconf 84' lang='lat' dir='ltr'>crepitaculorurn</span> 
     </span>
     <span class='ocr_line' id='line_1_53' title="bbox 222 4069 606 4132; baseline 0.008 -17"><span class='ocrx_word' id='word_1_300' title='bbox 222 4069 301 4117; x_wconf 91' lang='lat' dir='ltr'>sonitu</span> <span class='ocrx_word' id='word_1_301' title='bbox 314 4082 328 4118; x_wconf 95' lang='lat' dir='ltr'>e</span> <span class='ocrx_word' id='word_1_302' title='bbox 340 4069 393 4118; x_wconf 89' lang='lat' dir='ltr'>loeo</span> <span class='ocrx_word' id='word_1_303' title='bbox 404 4069 487 4132; x_wconf 89' lang='lat' dir='ltr'>pulsas</span> <span class='ocrx_word' id='word_1_304' title='bbox 499 4069 606 4119; x_wconf 83' lang='lat' dir='ltr'>tradidit.</span> 
     </span>
    </p>
   </div>
   <div class='ocr_carea' id='block_1_12' title="bbox 252 4166 985 4293">
    <p class='ocr_par' dir='ltr' id='par_1_23' title="bbox 252 4166 985 4293">
     <span class='ocr_line' id='line_1_54' title="bbox 589 4166 616 4202; baseline 0.111 -3"><span class='ocrx_word' id='word_1_305' title='bbox 589 4166 616 4202; x_wconf 85' lang='grc' dir='ltr'>ιι.</span> 
     </span>
     <span class='ocr_line' id='line_1_55' title="bbox 252 4228 985 4293; baseline 0.007 -18"><span class='ocrx_word' id='word_1_306' title='bbox 252 4228 368 4277; x_wconf 87' lang='lat' dir='ltr'>Pisander</span> <span class='ocrx_word' id='word_1_307' title='bbox 377 4228 438 4278; x_wconf 88' lang='lat' dir='ltr'>libro</span> <span class='ocrx_word' id='word_1_308' title='bbox 448 4229 554 4278; x_wconf 92' lang='lat' dir='ltr'>seeundo</span> <span class='ocrx_word' id='word_1_309' title='bbox 563 4228 685 4278; x_wconf 80' lang='lat' dir='ltr'>Heracleae</span> <span class='ocrx_word' id='word_1_310' title='bbox 693 4231 815 4292; x_wconf 86' lang='lat' dir='ltr'>poculum,</span> <span class='ocrx_word' id='word_1_311' title='bbox 827 4230 850 4278; x_wconf 90' lang='lat' dir='ltr'>in</span> <span class='ocrx_word' id='word_1_312' title='bbox 859 4233 985 4293; x_wconf 85' lang='lat' dir='ltr'>quoOeea·</span> 
     </span>
    </p>
   </div>
   <div class='ocr_carea' id='block_1_13' title="bbox 223 4299 985 4433">
    <p class='ocr_par' dir='ltr' id='par_1_24' title="bbox 223 4299 985 4433">
     <span class='ocr_line' id='line_1_56' title="bbox 224 4299 985 4364; baseline 0.009 -19"><span class='ocrx_word' id='word_1_313' title='bbox 224 4311 282 4346; x_wconf 90' lang='lat' dir='ltr'>uum</span> <span class='ocrx_word' id='word_1_314' title='bbox 294 4302 447 4348; x_wconf 79' lang='lat' dir='ltr'>transvectus</span> <span class='ocrx_word' id='word_1_315' title='bbox 457 4303 494 4348; x_wconf 91' lang='lat' dir='ltr'>est</span> <span class='ocrx_word' id='word_1_316' title='bbox 505 4299 633 4359; x_wconf 88' lang='lat' dir='ltr'>Hercules,</span> <span class='ocrx_word' id='word_1_317' title='bbox 644 4300 706 4349; x_wconf 88' lang='lat' dir='ltr'>Solis</span> <span class='ocrx_word' id='word_1_318' title='bbox 718 4299 793 4350; x_wconf 86' lang='lat' dir='ltr'>inisse</span> <span class='ocrx_word' id='word_1_319' title='bbox 805 4302 920 4364; x_wconf 89' lang='lat' dir='ltr'>poculum</span> <span class='ocrx_word' id='word_1_320' title='bbox 937 4303 985 4363; x_wconf 85' lang='lat' dir='ltr'>ait,</span> 
     </span>
     <span class='ocr_line' id='line_1_57' title="bbox 223 4370 722 4433; baseline 0.008 -19"><span class='ocrx_word' id='word_1_321' title='bbox 223 4370 392 4433; x_wconf 84' lang='lat' dir='ltr'>accepisseque</span> <span class='ocrx_word' id='word_1_322' title='bbox 404 4370 465 4419; x_wconf 91' lang='lat' dir='ltr'>iliud</span> <span class='ocrx_word' id='word_1_323' title='bbox 477 4370 507 4419; x_wconf 87' lang='lat' dir='ltr'>ab</span> <span class='ocrx_word' id='word_1_324' title='bbox 521 4370 575 4420; x_wconf 86' lang='lat' dir='ltr'>Sole</span> <span class='ocrx_word' id='word_1_325' title='bbox 586 4371 722 4420; x_wconf 86' lang='lat' dir='ltr'>Herculem.</span> 
     </span>
    </p>
   </div>
   <div class='ocr_carea' id='block_1_14' title="bbox 592 4454 619 4503">
    <p class='ocr_par' dir='ltr' id='par_1_25' title="bbox 592 4454 619 4503">
     <span class='ocr_line' id='line_1_58' title="bbox 592 4454 619 4503; baseline -0.074 0"><span class='ocrx_word' id='word_1_326' title='bbox 592 4454 619 4503; x_wconf 87' lang='grc'>6.</span> 
     </span>
    </p>
   </div>
   <div class='ocr_carea' id='block_1_15' title="bbox 157 4526 989 4662">
    <p class='ocr_par' dir='ltr' id='par_1_26' title="bbox 157 4526 989 4662">
     <span class='ocr_line' id='line_1_59' title="bbox 253 4526 989 4592; baseline 0.014 -20"><span class='ocrx_word' id='word_1_327' title='bbox 253 4526 337 4575; x_wconf 82' lang='lat' dir='ltr'>Filiam</span> <span class='ocrx_word' id='word_1_328' title='bbox 351 4530 442 4590; x_wconf 78' lang='lat' dir='ltr'>Antaei,</span> <span class='ocrx_word' id='word_1_329' title='bbox 454 4531 523 4591; x_wconf 87' lang='lat' dir='ltr'>eujus</span> <span class='ocrx_word' id='word_1_330' title='bbox 533 4543 620 4591; x_wconf 87' lang='lat' dir='ltr'>procus</span> <span class='ocrx_word' id='word_1_331' title='bbox 632 4536 682 4579; x_wconf 86' lang='lat' dir='ltr'>erat</span> <span class='ocrx_word' id='word_1_332' title='bbox 691 4530 854 4592; x_wconf 64' lang='lat' dir='ltr'>dissidemus,</span> <span class='ocrx_word' id='word_1_333' title='bbox 872 4532 989 4582; x_wconf 86' lang='lat' dir='ltr'>Pisander</span> 
     </span>
     <span class='ocr_line' id='line_1_60' title="bbox 157 4596 809 4662; baseline 0.011 -19"><span class='ocrx_word' id='word_1_334' title='bbox 157 4621 160 4626; x_wconf 94' lang='lat'>·</span> <span class='ocrx_word' id='word_1_335' title='bbox 223 4596 368 4647; x_wconf 83' lang='lat' dir='ltr'>Camirensis</span> <span class='ocrx_word' id='word_1_336' title='bbox 380 4599 508 4662; x_wconf 85' lang='lat' dir='ltr'>appellarit</span> <span class='ocrx_word' id='word_1_337' title='bbox 519 4599 650 4661; x_wconf 80' lang='lat' dir='ltr'>Alceidem,</span> <span class='ocrx_word' id='word_1_338' title='bbox 660 4600 699 4649; x_wconf 89' lang='lat' dir='ltr'>aiii</span> <span class='ocrx_word' id='word_1_339' title='bbox 711 4603 809 4650; x_wconf 82' lang='lat' dir='ltr'>Barcen.</span> 
     </span>
    </p>
   </div>
   <div class='ocr_carea' id='block_1_16' title="bbox 253 4681 988 4819">
    <p class='ocr_par' dir='ltr' id='par_1_27' title="bbox 253 4681 988 4819">
     <span class='ocr_line' id='line_1_61' title="bbox 590 4681 616 4729; baseline -0.038 0"><span class='ocrx_word' id='word_1_340' title='bbox 590 4681 616 4729; x_wconf 81' lang='lat'>7.</span> 
     </span>
     <span class='ocr_line' id='line_1_62' title="bbox 253 4752 988 4819; baseline 0.012 -20"><span class='ocrx_word' id='word_1_341' title='bbox 253 4752 359 4813; x_wconf 82' lang='lat' dir='ltr'>Herculi,</span> <span class='ocrx_word' id='word_1_342' title='bbox 372 4754 413 4815; x_wconf 89' lang='lat' dir='ltr'>qui</span> <span class='ocrx_word' id='word_1_343' title='bbox 425 4756 514 4804; x_wconf 89' lang='lat' dir='ltr'>multos</span> <span class='ocrx_word' id='word_1_344' title='bbox 525 4755 618 4806; x_wconf 89' lang='lat' dir='ltr'>iabores</span> <span class='ocrx_word' id='word_1_345' title='bbox 630 4756 786 4819; x_wconf 87' lang='lat' dir='ltr'>sustinuerat,</span> <span class='ocrx_word' id='word_1_346' title='bbox 801 4758 864 4807; x_wconf 90' lang='lat' dir='ltr'>circa</span> <span class='ocrx_word' id='word_1_347' title='bbox 875 4758 988 4808; x_wconf 84' lang='lat' dir='ltr'>&#39;Hiermo-</span> 
     </span>
    </p>
   </div>
   <div class='ocr_carea' id='block_1_17' title="bbox 223 4823 986 4885">
    <p class='ocr_par' dir='ltr' id='par_1_28' title="bbox 223 4823 986 4885">
     <span class='ocr_line' id='line_1_63' title="bbox 223 4823 986 4885; baseline 0.012 -16"><span class='ocrx_word' id='word_1_348' title='bbox 223 4823 290 4885; x_wconf 70' lang='lat' dir='ltr'>pylas</span> <span class='ocrx_word' id='word_1_349' title='bbox 302 4823 411 4871; x_wconf 86' lang='lat' dir='ltr'>Hiuerra</span> <span class='ocrx_word' id='word_1_350' title='bbox 422 4825 499 4874; x_wconf 88' lang='lat' dir='ltr'>calida</span> <span class='ocrx_word' id='word_1_351' title='bbox 510 4825 606 4875; x_wconf 86' lang='lat' dir='ltr'>lavacra</span> <span class='ocrx_word' id='word_1_352' title='bbox 621 4840 655 4876; x_wconf 81' lang='lat' dir='ltr'>ea·</span> <span class='ocrx_word' id='word_1_353' title='bbox 668 4830 739 4877; x_wconf 77' lang='lat' dir='ltr'>terro</span> <span class='ocrx_word' id='word_1_354' title='bbox 752 4828 841 4877; x_wconf 87' lang='lat' dir='ltr'>emisit.</span> <span class='ocrx_word' id='word_1_355' title='bbox 854 4829 986 4879; x_wconf 77' lang='lat' dir='ltr'>pisander:</span> 
     </span>
    </p>
   </div>
   <div class='ocr_carea' id='block_1_18' title="bbox 295 4910 901 5061">
    <p class='ocr_par' dir='ltr' id='par_1_29' title="bbox 295 4910 901 5061">
     <span class='ocr_line' id='line_1_64' title="bbox 295 4910 901 4985; baseline 0.01 -21"><span class='ocrx_word' id='word_1_356' title='bbox 295 4910 366 4965; x_wconf 85' lang='lat' dir='ltr'>Huic</span> <span class='ocrx_word' id='word_1_357' title='bbox 381 4911 408 4965; x_wconf 89' lang='lat' dir='ltr'>in</span> <span class='ocrx_word' id='word_1_358' title='bbox 422 4911 609 4985; x_wconf 84' lang='lat' dir='ltr'>Thermopylis</span> <span class='ocrx_word' id='word_1_359' title='bbox 624 4914 673 4969; x_wconf 92' lang='lat' dir='ltr'>dea</span> <span class='ocrx_word' id='word_1_360' title='bbox 687 4915 766 4969; x_wconf 77' lang='lat' dir='ltr'>cresin</span> <span class='ocrx_word' id='word_1_361' title='bbox 781 4916 901 4971; x_wconf 81' lang='lat' dir='ltr'>Minerva</span> 
     </span>
     <span class='ocr_line' id='line_1_65' title="bbox 295 4990 862 5061; baseline 0.009 -17"><span class='ocrx_word' id='word_1_362' title='bbox 295 4990 406 5061; x_wconf 86' lang='lat' dir='ltr'>parabat</span> <span class='ocrx_word' id='word_1_363' title='bbox 418 4990 502 5045; x_wconf 86' lang='lat' dir='ltr'>calida</span> <span class='ocrx_word' id='word_1_364' title='bbox 515 4993 619 5048; x_wconf 87' lang='lat' dir='ltr'>lavacra</span> <span class='ocrx_word' id='word_1_365' title='bbox 633 4994 660 5049; x_wconf 92' lang='lat' dir='ltr'>in</span> <span class='ocrx_word' id='word_1_366' title='bbox 675 4993 755 5049; x_wconf 90' lang='lat' dir='ltr'>litore</span> <span class='ocrx_word' id='word_1_367' title='bbox 770 4996 862 5049; x_wconf 88' lang='lat' dir='ltr'>maris.</span> 
     </span>
    </p>
   </div>
   <div class='ocr_carea' id='block_1_19' title="bbox 224 5090 989 5284">
    <p class='ocr_par' dir='ltr' id='par_1_30' title="bbox 224 5090 989 5284">
     <span class='ocr_line' id='line_1_66' title="bbox 226 5090 986 5147; baseline 0.016 -12"><span class='ocrx_word' id='word_1_368' title='bbox 226 5090 319 5138; x_wconf 85' lang='lat' dir='ltr'>Zenob.</span> <span class='ocrx_word' id='word_1_369' title='bbox 331 5107 339 5139; x_wconf 94' lang='lat'><em>:</em></span> <span class='ocrx_word' id='word_1_370' title='bbox 351 5093 459 5142; x_wconf 82' lang='lat' dir='ltr'>Minerva</span> <span class='ocrx_word' id='word_1_371' title='bbox 469 5093 564 5142; x_wconf 87' lang='lat' dir='ltr'>Herculi</span> <span class='ocrx_word' id='word_1_372' title='bbox 577 5094 659 5143; x_wconf 85' lang='lat' dir='ltr'>multis</span> <span class='ocrx_word' id='word_1_373' title='bbox 671 5095 730 5144; x_wconf 90' lang='lat' dir='ltr'>locis</span> <span class='ocrx_word' id='word_1_374' title='bbox 740 5095 816 5144; x_wconf 88' lang='lat' dir='ltr'>calida</span> <span class='ocrx_word' id='word_1_375' title='bbox 826 5096 919 5145; x_wconf 81' lang='lat' dir='ltr'>lavacra</span> <span class='ocrx_word' id='word_1_376' title='bbox 929 5099 986 5147; x_wconf 88' lang='lat' dir='ltr'>emi·</span> 
     </span>
     <span class='ocr_line' id='line_1_67' title="bbox 224 5160 989 5225; baseline 0.016 -21"><span class='ocrx_word' id='word_1_377' title='bbox 224 5160 264 5218; x_wconf 89' lang='lat' dir='ltr'>sit,</span> <span class='ocrx_word' id='word_1_378' title='bbox 277 5165 302 5206; x_wconf 92' lang='lat' dir='ltr'>ut</span> <span class='ocrx_word' id='word_1_379' title='bbox 316 5175 330 5209; x_wconf 89' lang='lat' dir='ltr'>a</span> <span class='ocrx_word' id='word_1_380' title='bbox 342 5161 464 5212; x_wconf 85' lang='lat' dir='ltr'>laboribus</span> <span class='ocrx_word' id='word_1_381' title='bbox 476 5163 633 5225; x_wconf 87' lang='lat' dir='ltr'>requiesceret</span> <span class='ocrx_word' id='word_1_382' title='bbox 638 5181 645 5225; x_wconf 92' lang='lat'>;</span> <span class='ocrx_word' id='word_1_383' title='bbox 668 5170 749 5214; x_wconf 85' lang='lat' dir='ltr'>narrat</span> <span class='ocrx_word' id='word_1_384' title='bbox 775 5167 847 5215; x_wconf 88' lang='lat' dir='ltr'>etiam</span> <span class='ocrx_word' id='word_1_385' title='bbox 874 5167 989 5217; x_wconf 85' lang='lat' dir='ltr'>Pisander</span> 
     </span>
     <span class='ocr_line' id='line_1_68' title="bbox 225 5228 567 5284; baseline 0.023 -9"><span class='ocrx_word' id='word_1_386' title='bbox 225 5228 249 5276; x_wconf 90' lang='lat' dir='ltr'>in</span> <span class='ocrx_word' id='word_1_387' title='bbox 261 5231 406 5281; x_wconf 83' lang='lat' dir='ltr'>carminibus</span> <span class='ocrx_word' id='word_1_388' title='bbox 418 5232 447 5282; x_wconf 90' lang='lat' dir='ltr'>de</span> <span class='ocrx_word' id='word_1_389' title='bbox 457 5234 567 5284; x_wconf 88' lang='lat' dir='ltr'>Hercule.</span> 
     </span>
    </p>
   </div>
   <div class='ocr_carea' id='block_1_20' title="bbox 228 5315 986 5463">
    <p class='ocr_par' dir='ltr' id='par_1_31' title="bbox 228 5315 986 5463">
     <span class='ocr_line' id='line_1_69' title="bbox 228 5315 986 5463; baseline 0.009 -24"><span class='ocrx_word' id='word_1_390' title='bbox 228 5385 439 5458; x_wconf 79' lang='lat' dir='ltr'>Honestgrande</span> <span class='ocrx_word' id='word_1_391' title='bbox 447 5388 522 5445; x_wconf 85' lang='lat' dir='ltr'>nefas</span> <span class='ocrx_word' id='word_1_392' title='bbox 530 5315 648 5447; x_wconf 74' lang='lat' dir='ltr'>aniniam</span> <span class='ocrx_word' id='word_1_393' title='bbox 655 5406 813 5463; x_wconf 75' lang='lat' dir='ltr'>praeponere</span> <span class='ocrx_word' id='word_1_394' title='bbox 821 5408 893 5448; x_wconf 87' lang='lat' dir='ltr'>rere.</span> <span class='ocrx_word' id='word_1_395' title='bbox 905 5396 986 5452; x_wconf 84' lang='lat' dir='ltr'>HGu.</span> 
     </span>
    </p>
   </div>
   <div class='ocr_carea' id='block_1_21' title="bbox 1191 2384 1632 2599">
    <p class='ocr_par' dir='ltr' id='par_1_32' title="bbox 1191 2384 1632 2599">
     <span class='ocr_line' id='line_1_70' title="bbox 1217 2384 1597 2453; baseline -0.008 0"><span class='ocrx_word' id='word_1_396' title='bbox 1217 2384 1597 2453; x_wconf 76' lang='lat' dir='ltr'>PSEUDOPISAHDiH</span> 
     </span>
     <span class='ocr_line' id='line_1_71' title="bbox 1191 2539 1632 2599; baseline -0.002 -1"><span class='ocrx_word' id='word_1_397' title='bbox 1191 2541 1366 2599; x_wconf 77' lang='grc' dir='ltr'>ΗΡΩΙΚΩΝ</span> <span class='ocrx_word' id='word_1_398' title='bbox 1409 2539 1632 2599; x_wconf 69' lang='lat' dir='ltr'>onerantur</span> 
     </span>
    </p>
   </div>
   <div class='ocr_carea' id='block_1_22' title="bbox 1033 2668 1796 3012">
    <p class='ocr_par' dir='ltr' id='par_1_33' title="bbox 1033 2668 1796 3012">
     <span class='ocr_line' id='line_1_72' title="bbox 1033 2668 1796 2748; baseline -0.001 -21"><span class='ocrx_word' id='word_1_399' title='bbox 1033 2672 1165 2729; x_wconf 88' lang='lat' dir='ltr'>immensi</span> <span class='ocrx_word' id='word_1_400' title='bbox 1178 2672 1275 2748; x_wconf 85' lang='lat' dir='ltr'>operis</span> <span class='ocrx_word' id='word_1_401' title='bbox 1289 2689 1394 2746; x_wconf 90' lang='lat' dir='ltr'>paucas</span> <span class='ocrx_word' id='word_1_402' title='bbox 1409 2668 1548 2747; x_wconf 84' lang='lat' dir='ltr'>reliquias</span> <span class='ocrx_word' id='word_1_403' title='bbox 1560 2670 1635 2727; x_wconf 89' lang='lat' dir='ltr'>nihil</span> <span class='ocrx_word' id='word_1_404' title='bbox 1650 2670 1751 2727; x_wconf 86' lang='lat' dir='ltr'>attinet</span> <span class='ocrx_word' id='word_1_405' title='bbox 1763 2670 1796 2726; x_wconf 89' lang='lat' dir='ltr'>ad</span> 
     </span>
     <span class='ocr_line' id='line_1_73' title="bbox 1033 2756 1795 2835; baseline -0.003 -20"><span class='ocrx_word' id='word_1_406' title='bbox 1033 2779 1131 2815; x_wconf 88' lang='lat' dir='ltr'>rerum</span> <span class='ocrx_word' id='word_1_407' title='bbox 1148 2759 1192 2816; x_wconf 83' lang='lat' dir='ltr'>rel</span> <span class='ocrx_word' id='word_1_408' title='bbox 1206 2758 1345 2835; x_wconf 89' lang='lat' dir='ltr'>temporis</span> <span class='ocrx_word' id='word_1_409' title='bbox 1364 2758 1466 2816; x_wconf 89' lang='lat' dir='ltr'>seriem</span> <span class='ocrx_word' id='word_1_410' title='bbox 1482 2756 1632 2835; x_wconf 88' lang='lat' dir='ltr'>quandam</span> <span class='ocrx_word' id='word_1_411' title='bbox 1652 2757 1795 2834; x_wconf 79' lang='lat' dir='ltr'>redigere:</span> 
     </span>
     <span class='ocr_line' id='line_1_74' title="bbox 1033 2844 1796 2924; baseline -0.004 -19"><span class='ocrx_word' id='word_1_412' title='bbox 1033 2848 1084 2905; x_wconf 91' lang='lat' dir='ltr'>sed</span> <span class='ocrx_word' id='word_1_413' title='bbox 1099 2847 1170 2904; x_wconf 79' lang='lat' dir='ltr'>itinn</span> <span class='ocrx_word' id='word_1_414' title='bbox 1187 2848 1275 2906; x_wconf 81' lang='lat' dir='ltr'>refert</span> <span class='ocrx_word' id='word_1_415' title='bbox 1287 2848 1316 2904; x_wconf 91' lang='lat' dir='ltr'>in</span> <span class='ocrx_word' id='word_1_416' title='bbox 1328 2866 1417 2924; x_wconf 90' lang='lat' dir='ltr'>opere</span> <span class='ocrx_word' id='word_1_417' title='bbox 1432 2844 1514 2923; x_wconf 89' lang='lat' dir='ltr'>eujus</span> <span class='ocrx_word' id='word_1_418' title='bbox 1530 2845 1620 2903; x_wconf 79' lang='lat' dir='ltr'>index</span> <span class='ocrx_word' id='word_1_419' title='bbox 1637 2846 1723 2903; x_wconf 88' lang='lat' dir='ltr'>semel</span> <span class='ocrx_word' id='word_1_420' title='bbox 1741 2866 1796 2902; x_wconf 90' lang='lat' dir='ltr'>me-</span> 
     </span>
     <span class='ocr_line' id='line_1_75' title="bbox 1034 2934 1698 3012; baseline -0.002 -21"><span class='ocrx_word' id='word_1_421' title='bbox 1034 2949 1175 3006; x_wconf 88' lang='lat' dir='ltr'>moratur,</span> <span class='ocrx_word' id='word_1_422' title='bbox 1197 2937 1313 3012; x_wconf 90' lang='lat' dir='ltr'>quinam</span> <span class='ocrx_word' id='word_1_423' title='bbox 1335 2935 1492 3012; x_wconf 91' lang='lat' dir='ltr'>scriptores</span> <span class='ocrx_word' id='word_1_424' title='bbox 1516 2953 1553 2993; x_wconf 86' lang='lat' dir='ltr'>eo</span> <span class='ocrx_word' id='word_1_425' title='bbox 1570 2934 1629 2991; x_wconf 90' lang='lat' dir='ltr'>sint</span> <span class='ocrx_word' id='word_1_426' title='bbox 1645 2935 1698 2991; x_wconf 76' lang='lat' dir='ltr'>usi.</span> 
     </span>
    </p>
   </div>
   <div class='ocr_carea' id='block_1_23' title="bbox 1034 3133 1799 3394">
    <p class='ocr_par' dir='ltr' id='par_1_34' title="bbox 1034 3133 1799 3394">
     <span class='ocr_line' id='line_1_76' title="bbox 1073 3133 1799 3213; baseline -0.004 -17"><span class='ocrx_word' id='word_1_427' title='bbox 1073 3139 1203 3196; x_wconf 85' lang='lat' dir='ltr'>Zosimus</span> <span class='ocrx_word' id='word_1_428' title='bbox 1224 3138 1264 3210; x_wconf 85' lang='lat' dir='ltr'>V,</span> <span class='ocrx_word' id='word_1_429' title='bbox 1285 3158 1342 3213; x_wconf 81' lang='lat'>29:</span> <span class='ocrx_word' id='word_1_430' title='bbox 1360 3138 1448 3202; x_wconf 88' lang='grc' dir='ltr'>...είς</span> <span class='ocrx_word' id='word_1_431' title='bbox 1458 3133 1578 3213; x_wconf 82' lang='grc' dir='ltr'>Ἥμωνσι</span> <span class='ocrx_word' id='word_1_432' title='bbox 1592 3135 1688 3209; x_wconf 84' lang='grc' dir='ltr'>πολιν,</span> <span class='ocrx_word' id='word_1_433' title='bbox 1707 3133 1799 3213; x_wconf 80' lang='grc' dir='ltr'>μεταξὺ</span> 
     </span>
     <span class='ocr_line' id='line_1_77' title="bbox 1034 3223 1797 3303; baseline -0.004 -20"><span class='ocrx_word' id='word_1_434' title='bbox 1034 3224 1161 3290; x_wconf 87' lang='grc' dir='ltr'>Παιονίας</span> <span class='ocrx_word' id='word_1_435' title='bbox 1174 3228 1220 3296; x_wconf 74' lang='grc' dir='ltr'>τῆς</span> <span class='ocrx_word' id='word_1_436' title='bbox 1236 3224 1362 3283; x_wconf 81' lang='grc' dir='ltr'>ἀνωτάτω</span> <span class='ocrx_word' id='word_1_437' title='bbox 1376 3223 1551 3303; x_wconf 79' lang='grc' dir='ltr'>καλΝωρικοῦ</span> <span class='ocrx_word' id='word_1_438' title='bbox 1566 3223 1702 3301; x_wconf 83' lang='grc' dir='ltr'>κειμένην.</span> <span class='ocrx_word' id='word_1_439' title='bbox 1719 3223 1797 3289; x_wconf 80' lang='grc' dir='ltr'>Ἄξιον</span> 
     </span>
     <span class='ocr_line' id='line_1_78' title="bbox 1035 3309 1798 3394; baseline -0.005 -24"><span class='ocrx_word' id='word_1_440' title='bbox 1035 3311 1062 3371; x_wconf 78' lang='grc' dir='ltr'>δὲ</span> <span class='ocrx_word' id='word_1_441' title='bbox 1080 3310 1116 3391; x_wconf 81' lang='grc' dir='ltr'>μὴ</span> <span class='ocrx_word' id='word_1_442' title='bbox 1132 3313 1312 3394; x_wconf 84' lang='grc' dir='ltr'>παραδραμεῖν</span> <span class='ocrx_word' id='word_1_443' title='bbox 1328 3311 1377 3370; x_wconf 78' lang='grc' dir='ltr'>ὅσα</span> <span class='ocrx_word' id='word_1_444' title='bbox 1390 3317 1437 3383; x_wconf 71' lang='grc' dir='ltr'>τῆς</span> <span class='ocrx_word' id='word_1_445' title='bbox 1450 3310 1552 3378; x_wconf 79' lang='grc' dir='ltr'>πολεώς</span> <span class='ocrx_word' id='word_1_446' title='bbox 1569 3314 1629 3370; x_wconf 78' lang='grc' dir='ltr'>ἔστι</span> <span class='ocrx_word' id='word_1_447' title='bbox 1639 3309 1744 3383; x_wconf 80' lang='grc' dir='ltr'>ταύτης,</span> <span class='ocrx_word' id='word_1_448' title='bbox 1757 3309 1798 3367; x_wconf 83' lang='grc' dir='ltr'>καὶ</span> 
     </span>
    </p>
   </div>
   <div class='ocr_carea' id='block_1_24' title="bbox 1009 3394 1797 3482">
    <p class='ocr_par' dir='ltr' id='par_1_35' title="bbox 1009 3394 1797 3482">
     <span class='ocr_line' id='line_1_79' title="bbox 1009 3394 1797 3482; baseline -0.006 -23"><span class='ocrx_word' id='word_1_449' title='bbox 1009 3466 1014 3474; x_wconf 51' lang='grc'>,</span> <span class='ocrx_word' id='word_1_450' title='bbox 1033 3400 1103 3462; x_wconf 73' lang='grc' dir='ltr'>ὅπως</span> <span class='ocrx_word' id='word_1_451' title='bbox 1116 3400 1164 3472; x_wconf 68' lang='grc' dir='ltr'>τήν</span> <span class='ocrx_word' id='word_1_452' title='bbox 1184 3397 1268 3480; x_wconf 73' lang='grc' dir='ltr'>ἀρχὴν</span> <span class='ocrx_word' id='word_1_453' title='bbox 1289 3394 1379 3479; x_wconf 60' lang='grc' dir='ltr'>ἔτυγεν</span> <span class='ocrx_word' id='word_1_454' title='bbox 1396 3402 1526 3476; x_wconf 78' lang='grc' dir='ltr'>οἰκισμοῦ.</span> <span class='ocrx_word' id='word_1_455' title='bbox 1548 3398 1623 3467; x_wconf 68' lang='lat' dir='ltr'>Teisa</span> <span class='ocrx_word' id='word_1_456' title='bbox 1634 3397 1797 3482; x_wconf 80' lang='grc' dir='ltr'>Ἀργοναύτας</span> 
     </span>
    </p>
   </div>
   <div class='ocr_carea' id='block_1_25' title="bbox 1033 3484 1797 3834">
    <p class='ocr_par' dir='ltr' id='par_1_36' title="bbox 1033 3484 1797 3834">
     <span class='ocr_line' id='line_1_80' title="bbox 1034 3484 1797 3569; baseline -0.005 -23"><span class='ocrx_word' id='word_1_457' title='bbox 1034 3488 1111 3569; x_wconf 70' lang='lat' dir='ltr'>quoin</span> <span class='ocrx_word' id='word_1_458' title='bbox 1126 3487 1176 3547; x_wconf 78' lang='grc' dir='ltr'>ὑπὸ</span> <span class='ocrx_word' id='word_1_459' title='bbox 1188 3495 1232 3546; x_wconf 78' lang='grc' dir='ltr'>τοῦ</span> <span class='ocrx_word' id='word_1_460' title='bbox 1245 3486 1342 3558; x_wconf 76' lang='grc' dir='ltr'>Αἰήτου</span> <span class='ocrx_word' id='word_1_461' title='bbox 1358 3484 1531 3564; x_wconf 78' lang='grc' dir='ltr'>διωκομένους</span> <span class='ocrx_word' id='word_1_462' title='bbox 1546 3496 1608 3555; x_wconf 88' lang='grc' dir='ltr'>ταῖς</span> <span class='ocrx_word' id='word_1_463' title='bbox 1621 3490 1658 3556; x_wconf 77' lang='grc' dir='ltr'>εἰς</span> <span class='ocrx_word' id='word_1_464' title='bbox 1672 3489 1714 3545; x_wconf 74' lang='grc' dir='ltr'>τὸν</span> <span class='ocrx_word' id='word_1_465' title='bbox 1729 3484 1797 3546; x_wconf 81' lang='grc' dir='ltr'>Πόν-</span> 
     </span>
     <span class='ocr_line' id='line_1_81' title="bbox 1033 3573 1795 3657; baseline -0.008 -21"><span class='ocrx_word' id='word_1_466' title='bbox 1033 3601 1076 3636; x_wconf 89' lang='grc' dir='ltr'>τον</span> <span class='ocrx_word' id='word_1_467' title='bbox 1091 3576 1209 3643; x_wconf 81' lang='grc' dir='ltr'>ἐκύολαῐς</span> <span class='ocrx_word' id='word_1_468' title='bbox 1222 3582 1267 3634; x_wconf 88' lang='grc' dir='ltr'>τοῦ</span> <span class='ocrx_word' id='word_1_469' title='bbox 1284 3573 1387 3656; x_wconf 86' lang='grc' dir='ltr'>Ἴστρου</span> <span class='ocrx_word' id='word_1_470' title='bbox 1400 3579 1653 3656; x_wconf 84' lang='grc' dir='ltr'>προσορμισθῆναι,</span> <span class='ocrx_word' id='word_1_471' title='bbox 1675 3573 1758 3657; x_wconf 84' lang='grc' dir='ltr'>κρῖναί</span> <span class='ocrx_word' id='word_1_472' title='bbox 1770 3595 1795 3630; x_wconf 85' lang='grc' dir='ltr'>τε</span> 
     </span>
     <span class='ocr_line' id='line_1_82' title="bbox 1035 3660 1795 3746; baseline -0.001 -25"><span class='ocrx_word' id='word_1_473' title='bbox 1035 3666 1121 3731; x_wconf 81' lang='grc' dir='ltr'>καλῶς</span> <span class='ocrx_word' id='word_1_474' title='bbox 1133 3662 1202 3742; x_wconf 70' lang='grc' dir='ltr'>ἔχειν</span> <span class='ocrx_word' id='word_1_475' title='bbox 1215 3661 1258 3721; x_wconf 79' lang='grc' dir='ltr'>διά</span> <span class='ocrx_word' id='word_1_476' title='bbox 1276 3660 1369 3721; x_wconf 89' lang='grc' dir='ltr'>τούτου</span> <span class='ocrx_word' id='word_1_477' title='bbox 1382 3662 1446 3740; x_wconf 78' lang='grc' dir='ltr'>πρὸς</span> <span class='ocrx_word' id='word_1_478' title='bbox 1457 3662 1544 3722; x_wconf 87' lang='grc' dir='ltr'>οὶντίον</span> <span class='ocrx_word' id='word_1_479' title='bbox 1557 3664 1606 3723; x_wconf 77' lang='grc' dir='ltr'>τὸν</span> <span class='ocrx_word' id='word_1_480' title='bbox 1619 3669 1677 3746; x_wconf 73' lang='grc' dir='ltr'>ροῦν</span> <span class='ocrx_word' id='word_1_481' title='bbox 1690 3665 1795 3740; x_wconf 74' lang='grc' dir='ltr'>άναχθῆ·</span> 
     </span>
     <span class='ocr_line' id='line_1_83' title="bbox 1034 3748 1793 3834; baseline -0.004 -25"><span class='ocrx_word' id='word_1_482' title='bbox 1034 3776 1097 3826; x_wconf 79' lang='grc' dir='ltr'>ναι,</span> <span class='ocrx_word' id='word_1_483' title='bbox 1119 3752 1164 3810; x_wconf 84' lang='grc' dir='ltr'>καὶ</span> <span class='ocrx_word' id='word_1_484' title='bbox 1188 3750 1267 3834; x_wconf 69' lang='grc' dir='ltr'>μέχρι</span> <span class='ocrx_word' id='word_1_485' title='bbox 1290 3750 1414 3809; x_wconf 87' lang='grc' dir='ltr'>τοσούτου</span> <span class='ocrx_word' id='word_1_486' title='bbox 1434 3751 1597 3811; x_wconf 81' lang='grc' dir='ltr'>διαπλεῦσαι</span> <span class='ocrx_word' id='word_1_487' title='bbox 1617 3753 1661 3811; x_wconf 81' lang='grc' dir='ltr'>τὸν</span> <span class='ocrx_word' id='word_1_488' title='bbox 1684 3748 1793 3827; x_wconf 64' lang='grc' dir='ltr'>ποταμὸν</span> 
     </span>
    </p>
   </div>
   <div class='ocr_carea' id='block_1_26' title="bbox 1036 3836 1795 3925">
    <p class='ocr_par' dir='ltr' id='par_1_37' title="bbox 1036 3836 1795 3925">
     <span class='ocr_line' id='line_1_84' title="bbox 1036 3836 1795 3925; baseline -0.004 -27"><span class='ocrx_word' id='word_1_489' title='bbox 1036 3840 1132 3922; x_wconf 65' lang='grc' dir='ltr'>εἰρεσίᾳ</span> <span class='ocrx_word' id='word_1_490' title='bbox 1153 3841 1197 3898; x_wconf 90' lang='grc' dir='ltr'>καὶ</span> <span class='ocrx_word' id='word_1_491' title='bbox 1215 3836 1362 3918; x_wconf 82' lang='grc' dir='ltr'>πνεύματος</span> <span class='ocrx_word' id='word_1_492' title='bbox 1380 3838 1529 3910; x_wconf 78' lang='grc' dir='ltr'>ἐπιτηδείου</span> <span class='ocrx_word' id='word_1_493' title='bbox 1547 3850 1639 3925; x_wconf 51' lang='lat' dir='ltr'>pepp,</span> <span class='ocrx_word' id='word_1_494' title='bbox 1662 3839 1752 3921; x_wconf 75' lang='grc' dir='ltr'>μέχρις</span> <span class='ocrx_word' id='word_1_495' title='bbox 1769 3836 1795 3895; x_wconf 80' lang='grc' dir='ltr'>δν</span> 
     </span>
    </p>
   </div>
   <div class='ocr_carea' id='block_1_27' title="bbox 1031 4084 1794 4641">
    <p class='ocr_par' dir='ltr' id='par_1_38' title="bbox 1031 4084 1794 4430">
     <span class='ocr_line' id='line_1_85' title="bbox 1064 4084 1794 4147; baseline 0.003 -14"><span class='ocrx_word' id='word_1_496' title='bbox 1064 4105 1075 4125; x_wconf 71' lang='lat' dir='ltr'>n</span> <span class='ocrx_word' id='word_1_497' title='bbox 1088 4087 1156 4133; x_wconf 88' lang='lat' dir='ltr'>Hens</span> <span class='ocrx_word' id='word_1_498' title='bbox 1168 4098 1216 4133; x_wconf 91' lang='lat' dir='ltr'>non</span> <span class='ocrx_word' id='word_1_499' title='bbox 1229 4088 1265 4133; x_wconf 89' lang='lat' dir='ltr'>est</span> <span class='ocrx_word' id='word_1_500' title='bbox 1281 4084 1346 4147; x_wconf 86' lang='lat' dir='ltr'>apud</span> <span class='ocrx_word' id='word_1_501' title='bbox 1357 4085 1491 4134; x_wconf 82' lang='lat' dir='ltr'>centauros</span> <span class='ocrx_word' id='word_1_502' title='bbox 1502 4104 1514 4127; x_wconf 75' lang='grc' dir='ltr'>ν</span> <span class='ocrx_word' id='word_1_503' title='bbox 1529 4097 1536 4132; x_wconf 80' lang='grc' dir='ltr'>ι</span> <span class='ocrx_word' id='word_1_504' title='bbox 1549 4098 1610 4147; x_wconf 87' lang='lat' dir='ltr'>pars</span> <span class='ocrx_word' id='word_1_505' title='bbox 1629 4099 1716 4137; x_wconf 80' lang='lat' dir='ltr'>versus</span> <span class='ocrx_word' id='word_1_506' title='bbox 1726 4086 1794 4135; x_wconf 73' lang='lat' dir='ltr'>Pisae</span> 
     </span>
     <span class='ocr_line' id='line_1_86' title="bbox 1031 4154 1789 4220; baseline -0.003 -17"><span class='ocrx_word' id='word_1_507' title='bbox 1031 4155 1077 4214; x_wconf 84' lang='lat' dir='ltr'>dri,</span> <span class='ocrx_word' id='word_1_508' title='bbox 1089 4168 1144 4215; x_wconf 79' lang='lat' dir='ltr'>qure</span> <span class='ocrx_word' id='word_1_509' title='bbox 1156 4155 1340 4217; x_wconf 86' lang='lat' dir='ltr'>inprorerbium</span> <span class='ocrx_word' id='word_1_510' title='bbox 1354 4154 1413 4203; x_wconf 89' lang='lat' dir='ltr'>abiit</span> <span class='ocrx_word' id='word_1_511' title='bbox 1423 4154 1454 4204; x_wconf 90' lang='lat' dir='ltr'>de</span> <span class='ocrx_word' id='word_1_512' title='bbox 1465 4154 1495 4203; x_wconf 91' lang='lat' dir='ltr'>iis</span> <span class='ocrx_word' id='word_1_513' title='bbox 1503 4168 1563 4218; x_wconf 76' lang='lat' dir='ltr'>quae</span> <span class='ocrx_word' id='word_1_514' title='bbox 1572 4156 1627 4206; x_wconf 73' lang='lat' dir='ltr'>lien·</span> <span class='ocrx_word' id='word_1_515' title='bbox 1637 4171 1688 4207; x_wconf 86' lang='lat' dir='ltr'>nou</span> <span class='ocrx_word' id='word_1_516' title='bbox 1699 4158 1789 4220; x_wconf 83' lang='lat' dir='ltr'>possunt</span> 
     </span>
     <span class='ocr_line' id='line_1_87' title="bbox 1032 4224 1789 4289; baseline 0.001 -17"><span class='ocrx_word' id='word_1_517' title='bbox 1032 4224 1079 4287; x_wconf 75' lang='lat' dir='ltr'>(rei</span> <span class='ocrx_word' id='word_1_518' title='bbox 1097 4226 1179 4273; x_wconf 90' lang='lat' dir='ltr'>insana</span> <span class='ocrx_word' id='word_1_519' title='bbox 1204 4227 1280 4286; x_wconf 87' lang='lat' dir='ltr'>sunt).</span> <span class='ocrx_word' id='word_1_520' title='bbox 1292 4254 1324 4265; x_wconf 92' lang='lat'><em>-</em></span> <span class='ocrx_word' id='word_1_521' title='bbox 1339 4244 1352 4267; x_wconf 75' lang='grc' dir='ltr'>ι</span> <span class='ocrx_word' id='word_1_522' title='bbox 1363 4227 1431 4274; x_wconf 87' lang='lat' dir='ltr'>Heus</span> <span class='ocrx_word' id='word_1_523' title='bbox 1458 4237 1507 4273; x_wconf 87' lang='lat' dir='ltr'>non</span> <span class='ocrx_word' id='word_1_524' title='bbox 1535 4229 1576 4273; x_wconf 80' lang='lat' dir='ltr'>est</span> <span class='ocrx_word' id='word_1_525' title='bbox 1600 4227 1682 4289; x_wconf 85' lang='lat' dir='ltr'>apud.</span> <span class='ocrx_word' id='word_1_526' title='bbox 1699 4229 1789 4277; x_wconf 74' lang='lat' dir='ltr'>ceruu-</span> 
     </span>
     <span class='ocr_line' id='line_1_88' title="bbox 1031 4293 1789 4358; baseline -0.001 -14"><span class='ocrx_word' id='word_1_527' title='bbox 1031 4310 1070 4344; x_wconf 90' lang='lat' dir='ltr'>ros</span> <span class='ocrx_word' id='word_1_528' title='bbox 1084 4316 1095 4338; x_wconf 83' lang='grc' dir='ltr'>ν</span> <span class='ocrx_word' id='word_1_529' title='bbox 1111 4297 1154 4345; x_wconf 88' lang='lat' dir='ltr'>:iu</span> <span class='ocrx_word' id='word_1_530' title='bbox 1170 4294 1301 4344; x_wconf 70' lang='lat' dir='ltr'>obliviosos</span> <span class='ocrx_word' id='word_1_531' title='bbox 1317 4299 1390 4358; x_wconf 83' lang='lat' dir='ltr'>atque</span> <span class='ocrx_word' id='word_1_532' title='bbox 1405 4294 1542 4345; x_wconf 78' lang='lat' dir='ltr'>violentos:</span> <span class='ocrx_word' id='word_1_533' title='bbox 1560 4295 1586 4344; x_wconf 86' lang='lat' dir='ltr'>bi</span> <span class='ocrx_word' id='word_1_534' title='bbox 1603 4298 1673 4347; x_wconf 89' lang='lat' dir='ltr'>euim</span> <span class='ocrx_word' id='word_1_535' title='bbox 1689 4293 1789 4346; x_wconf 72' lang='lat' dir='ltr'>vienna</span> 
     </span>
     <span class='ocr_line' id='line_1_89' title="bbox 1031 4367 1216 4430; baseline -0.016 -14"><span class='ocrx_word' id='word_1_536' title='bbox 1031 4381 1075 4416; x_wconf 92' lang='lat' dir='ltr'>sua</span> <span class='ocrx_word' id='word_1_537' title='bbox 1087 4367 1216 4430; x_wconf 86' lang='lat' dir='ltr'>perierunt.</span> 
     </span>
    </p>

    <p class='ocr_par' dir='ltr' id='par_1_39' title="bbox 1031 4506 1790 4641">
     <span class='ocr_line' id='line_1_90' title="bbox 1045 4506 1790 4567; baseline -0.003 -10"><span class='ocrx_word' id='word_1_538' title='bbox 1045 4519 1048 4524; x_wconf 90' lang='lat'>·</span> <span class='ocrx_word' id='word_1_539' title='bbox 1061 4508 1176 4557; x_wconf 81' lang='lat' dir='ltr'>Pisander</span> <span class='ocrx_word' id='word_1_540' title='bbox 1189 4508 1219 4557; x_wconf 89' lang='lat' dir='ltr'>de</span> <span class='ocrx_word' id='word_1_541' title='bbox 1230 4507 1334 4560; x_wconf 87' lang='lat' dir='ltr'>Hercule</span> <span class='ocrx_word' id='word_1_542' title='bbox 1345 4506 1407 4556; x_wconf 78' lang='lat' dir='ltr'>dixit</span> <span class='ocrx_word' id='word_1_543' title='bbox 1420 4521 1426 4554; x_wconf 91' lang='lat'>:</span> <span class='ocrx_word' id='word_1_544' title='bbox 1440 4526 1452 4549; x_wconf 78' lang='grc' dir='ltr'>ι</span> <span class='ocrx_word' id='word_1_545' title='bbox 1462 4509 1495 4555; x_wconf 76' lang='lat' dir='ltr'>at</span> <span class='ocrx_word' id='word_1_546' title='bbox 1501 4507 1637 4567; x_wconf 75' lang='lat' dir='ltr'>iustissimi</span> <span class='ocrx_word' id='word_1_547' title='bbox 1647 4507 1771 4557; x_wconf 82' lang='lat' dir='ltr'>occisoris·</span> <span class='ocrx_word' id='word_1_548' title='bbox 1784 4516 1790 4548; x_wconf 68' lang='grc' dir='ltr'>τ</span> 
     </span>
     <span class='ocr_line' id='line_1_91' title="bbox 1031 4576 1615 4641; baseline 0.002 -15"><span class='ocrx_word' id='word_1_549' title='bbox 1031 4593 1087 4627; x_wconf 88' lang='lat' dir='ltr'>narn</span> <span class='ocrx_word' id='word_1_550' title='bbox 1099 4578 1177 4628; x_wconf 79' lang='lat' dir='ltr'>eredes</span> <span class='ocrx_word' id='word_1_551' title='bbox 1193 4578 1297 4628; x_wconf 85' lang='lat' dir='ltr'>iaciebat</span> <span class='ocrx_word' id='word_1_552' title='bbox 1308 4578 1338 4627; x_wconf 85' lang='lat' dir='ltr'>ad</span> <span class='ocrx_word' id='word_1_553' title='bbox 1349 4576 1499 4641; x_wconf 80' lang='lat' dir='ltr'>purgandum</span> <span class='ocrx_word' id='word_1_554' title='bbox 1510 4580 1615 4627; x_wconf 79' lang='lat' dir='ltr'>terram</span> 
     </span>
    </p>
   </div>
   <div class='ocr_carea' id='block_1_28' title="bbox 1158 4747 1676 4939">
    <p class='ocr_par' dir='ltr' id='par_1_40' title="bbox 1158 4747 1676 4939">
     <span class='ocr_line' id='line_1_92' title="bbox 1214 4747 1602 4818; baseline 0.008 -5"><span class='ocrx_word' id='word_1_555' title='bbox 1214 4747 1602 4818; x_wconf 78' lang='lat' dir='ltr'>PSEUDOPlSANDRl</span> 
     </span>
     <span class='ocr_line' id='line_1_93' title="bbox 1158 4874 1676 4939; baseline 0.004 -5"><span class='ocrx_word' id='word_1_556' title='bbox 1158 4876 1356 4936; x_wconf 77' lang='lat' dir='ltr'>HEROICA</span> <span class='ocrx_word' id='word_1_557' title='bbox 1388 4874 1676 4939; x_wconf 79' lang='lat' dir='ltr'>THEOGAMIA.</span> 
     </span>
    </p>
   </div>
   <div class='ocr_carea' id='block_1_29' title="bbox 1030 5055 1788 5476">
    <p class='ocr_par' dir='ltr' id='par_1_41' title="bbox 1030 5055 1788 5476">
     <span class='ocr_line' id='line_1_94' title="bbox 1061 5055 1788 5121; baseline 0.004 -16"><span class='ocrx_word' id='word_1_558' title='bbox 1061 5058 1185 5106; x_wconf 82' lang='lat' dir='ltr'>Venerunt</span> <span class='ocrx_word' id='word_1_559' title='bbox 1196 5059 1328 5106; x_wconf 88' lang='lat' dir='ltr'>Hemouem</span> <span class='ocrx_word' id='word_1_560' title='bbox 1340 5056 1465 5120; x_wconf 86' lang='lat' dir='ltr'>oppidum,</span> <span class='ocrx_word' id='word_1_561' title='bbox 1478 5055 1542 5105; x_wconf 88' lang='lat' dir='ltr'>iuter</span> <span class='ocrx_word' id='word_1_562' title='bbox 1553 5059 1708 5110; x_wconf 78' lang='lat' dir='ltr'>Pannoniam</span> <span class='ocrx_word' id='word_1_563' title='bbox 1723 5069 1788 5121; x_wconf 60' lang='lat' dir='ltr'>supra</span> 
     </span>
     <span class='ocr_line' id='line_1_95' title="bbox 1030 5126 1788 5193; baseline 0.001 -19"><span class='ocrx_word' id='word_1_564' title='bbox 1030 5140 1094 5174; x_wconf 90' lang='lat' dir='ltr'>mam</span> <span class='ocrx_word' id='word_1_565' title='bbox 1110 5132 1134 5175; x_wconf 88' lang='lat' dir='ltr'>et</span> <span class='ocrx_word' id='word_1_566' title='bbox 1150 5128 1262 5176; x_wconf 84' lang='lat' dir='ltr'>Noricum</span> <span class='ocrx_word' id='word_1_567' title='bbox 1279 5128 1362 5177; x_wconf 88' lang='lat' dir='ltr'>situm.</span> <span class='ocrx_word' id='word_1_568' title='bbox 1377 5130 1456 5189; x_wconf 79' lang='lat' dir='ltr'>Atque</span> <span class='ocrx_word' id='word_1_569' title='bbox 1468 5126 1514 5175; x_wconf 88' lang='lat' dir='ltr'>boc</span> <span class='ocrx_word' id='word_1_570' title='bbox 1528 5126 1584 5177; x_wconf 87' lang='lat' dir='ltr'>loeo</span> <span class='ocrx_word' id='word_1_571' title='bbox 1591 5129 1696 5180; x_wconf 85' lang='lat' dir='ltr'>minime</span> <span class='ocrx_word' id='word_1_572' title='bbox 1706 5143 1745 5193; x_wconf 77' lang='lat' dir='ltr'>par</span> <span class='ocrx_word' id='word_1_573' title='bbox 1759 5126 1788 5175; x_wconf 81' lang='lat' dir='ltr'>est</span> 
     </span>
     <span class='ocr_line' id='line_1_96' title="bbox 1030 5196 1788 5261; baseline 0.001 -17"><span class='ocrx_word' id='word_1_574' title='bbox 1030 5197 1125 5245; x_wconf 91' lang='lat' dir='ltr'>silentio</span> <span class='ocrx_word' id='word_1_575' title='bbox 1136 5198 1250 5259; x_wconf 82' lang='lat' dir='ltr'>praeteriri</span> <span class='ocrx_word' id='word_1_576' title='bbox 1261 5211 1317 5261; x_wconf 77' lang='lat' dir='ltr'>quau</span> <span class='ocrx_word' id='word_1_577' title='bbox 1326 5198 1357 5247; x_wconf 87' lang='lat' dir='ltr'>ad</span> <span class='ocrx_word' id='word_1_578' title='bbox 1368 5197 1486 5261; x_wconf 87' lang='lat' dir='ltr'>oppidum</span> <span class='ocrx_word' id='word_1_579' title='bbox 1497 5196 1547 5247; x_wconf 88' lang='lat' dir='ltr'>boc</span> <span class='ocrx_word' id='word_1_580' title='bbox 1559 5200 1694 5261; x_wconf 83' lang='lat' dir='ltr'>pertinent,</span> <span class='ocrx_word' id='word_1_581' title='bbox 1709 5204 1731 5250; x_wconf 81' lang='lat' dir='ltr'>et</span> <span class='ocrx_word' id='word_1_582' title='bbox 1742 5208 1788 5260; x_wconf 79' lang='lat' dir='ltr'>que</span> 
     </span>
     <span class='ocr_line' id='line_1_97' title="bbox 1030 5268 1788 5334; baseline 0.012 -19"><span class='ocrx_word' id='word_1_583' title='bbox 1030 5281 1085 5315; x_wconf 90' lang='lat' dir='ltr'>nam</span> <span class='ocrx_word' id='word_1_584' title='bbox 1095 5268 1168 5317; x_wconf 88' lang='lat' dir='ltr'>ruodo</span> <span class='ocrx_word' id='word_1_585' title='bbox 1180 5268 1250 5319; x_wconf 87' lang='lat' dir='ltr'>condi</span> <span class='ocrx_word' id='word_1_586' title='bbox 1263 5269 1293 5318; x_wconf 84' lang='lat' dir='ltr'>ab</span> <span class='ocrx_word' id='word_1_587' title='bbox 1302 5268 1371 5318; x_wconf 91' lang='lat' dir='ltr'>initio</span> <span class='ocrx_word' id='word_1_588' title='bbox 1379 5272 1487 5332; x_wconf 76' lang='lat' dir='ltr'>caeptum</span> <span class='ocrx_word' id='word_1_589' title='bbox 1503 5268 1788 5334; x_wconf 65' lang='lat' dir='ltr'>strataburgum,</span> 
     </span>
     <span class='ocr_line' id='line_1_98' title="bbox 1030 5338 1787 5405; baseline 0.012 -20"><span class='ocrx_word' id='word_1_590' title='bbox 1030 5351 1104 5399; x_wconf 91' lang='lat' dir='ltr'>quum</span> <span class='ocrx_word' id='word_1_591' title='bbox 1121 5342 1252 5389; x_wconf 82' lang='lat' dir='ltr'>eosAEetes</span> <span class='ocrx_word' id='word_1_592' title='bbox 1265 5338 1502 5403; x_wconf 60' lang='lat' dir='ltr'>persequentisque</span> <span class='ocrx_word' id='word_1_593' title='bbox 1518 5340 1578 5389; x_wconf 89' lang='lat' dir='ltr'>lstri</span> <span class='ocrx_word' id='word_1_594' title='bbox 1593 5342 1717 5405; x_wconf 76' lang='lat' dir='ltr'>appulisse</span> <span class='ocrx_word' id='word_1_595' title='bbox 1728 5338 1787 5394; x_wconf 59' lang='grc' dir='ltr'>σοίῆ.</span> 
     </span>
     <span class='ocr_line' id='line_1_99' title="bbox 1031 5408 1788 5476; baseline 0 -20"><span class='ocrx_word' id='word_1_596' title='bbox 1031 5408 1119 5470; x_wconf 88' lang='lat' dir='ltr'>quibus</span> <span class='ocrx_word' id='word_1_597' title='bbox 1134 5410 1157 5457; x_wconf 89' lang='lat' dir='ltr'>in</span> <span class='ocrx_word' id='word_1_598' title='bbox 1168 5412 1273 5460; x_wconf 83' lang='lat' dir='ltr'>Pontum</span> <span class='ocrx_word' id='word_1_599' title='bbox 1289 5410 1366 5460; x_wconf 87' lang='lat' dir='ltr'>illese</span> <span class='ocrx_word' id='word_1_600' title='bbox 1376 5412 1507 5471; x_wconf 79' lang='lat' dir='ltr'>exonerat3</span> <span class='ocrx_word' id='word_1_601' title='bbox 1526 5415 1644 5476; x_wconf 81' lang='lat' dir='ltr'>recteque</span> <span class='ocrx_word' id='word_1_602' title='bbox 1655 5425 1682 5464; x_wconf 80' lang='lat' dir='ltr'>se</span> <span class='ocrx_word' id='word_1_603' title='bbox 1697 5411 1788 5462; x_wconf 78' lang='lat' dir='ltr'>iactares</span> 
     </span>
    </p>
   </div>
   <div class='ocr_carea' id='block_1_30' title="bbox 0 0 2029 6067">
    <p class='ocr_par' dir='ltr' id='par_1_42' title="bbox 0 0 2029 6067">
     <span class='ocr_line' id='line_1_100' title="bbox 0 0 2029 6067; baseline 0 0"><span class='ocrx_word' id='word_1_604' title='bbox 0 0 2029 6067; x_wconf 95' lang='lat' dir='ltr'> </span> 
     </span>
    </p>
   </div>
  </div>
 </body>
</html>
