4042 6067
479 512 541 565 vm
1024 486 1242 549 emano.

481 656 581 719 mus,
596 652 715 725 neque
734 642 852 697 tamen
870 647 942 710 eas,
958 647 1049 718 quas
1068 646 1173 716 sagax
1192 621 1260 691 riri
1275 592 1405 717 egregii
1426 622 1616 718 ingenium
1638 622 1817 716 excogita·

483 756 544 844 rit,
559 749 660 849 quod
669 747 819 844 antiqua
835 745 944 816 lectio
954 744 1084 840 putida
1093 759 1199 831 esset,
1212 745 1321 814 nimis
1330 743 1511 839 languida,
1525 745 1647 815 miuus
1661 744 1816 841 elegans,

481 896 548 951 etc.
566 877 660 948 Alias
667 876 776 945 etiam
791 871 988 945 nonnullas
999 872 1227 944 coniecturas
1239 897 1315 943 non
1324 871 1549 969 recipiendas
1562 872 1817 964 indicarimus,

401 1055 406 1063 -
483 1026 521 1081 ut
535 1035 567 1079 r.
583 1035 636 1106 ις,
652 1016 743 1092 τοῖσι,
761 1007 847 1102 quia
864 1004 1062 1075 antebunc
1078 1028 1223 1074 versum
1244 1002 1384 1100 aliquid
1396 1002 1572 1075 excidisse
1588 1005 1817 1101 probabilius

483 1134 590 1205 nobis
610 1129 774 1216 ridetur,
795 1153 876 1225 quae
894 1127 1056 1223 suspicio
1077 1127 1116 1195 in
1136 1124 1195 1196 his
1216 1127 1387 1196 carminis
1408 1127 1629 1197 centonibus
1649 1128 1819 1200 facillime

485 1272 659 1328 moretur.
676 1259 718 1324 ln
738 1255 799 1340 iis,
820 1276 902 1348 quae
919 1255 1148 1319 Hermannus
1162 1247 1208 1319 de
1227 1274 1260 1318 v.
1274 1249 1322 1335 46
1337 1275 1417 1346 sqq.
1434 1249 1607 1347 disputat,
1621 1250 1712 1322 illud
1722 1267 1820 1323 certe
1860 1292 1865 1298 ·

484 1415 609 1461 rerum
622 1384 873 1480 est,Lennepii
893 1388 980 1478 εὐρέα
996 1383 1161 1478 ineptum
1183 1405 1279 1471 esse,
1299 1379 1345 1452 de
1366 1381 1516 1478 reliquis
1532 1407 1638 1472 vero,
1662 1408 1745 1480 quae
1758 1384 1821 1455 ad·

483 1513 549 1600 dit,
564 1513 671 1607 longe
684 1509 788 1579 aliter
803 1508 991 1577 sentimus.
1020 1503 1161 1601 Siquid
1179 1502 1225 1574 de
1241 1519 1367 1575 nostro
1382 1505 1570 1577 intextum
1586 1505 1821 1587 introducere

484 1644 740 1730 voluissemus,
758 1639 828 1721 ὀξέα
845 1639 1125 1735 scripsissemus.
1144 1638 1216 1722 Qui
1240 1661 1325 1705 cum
1350 1640 1560 1708 Hermanno
1585 1639 1622 1708 in
1649 1656 1820 1737 corrupta

485 1777 624 1870 vulgata
638 1772 849 1868 codicisque
869 1771 1085 1840 Mutinensis
1104 1769 1260 1840 lectione
1278 1794 1403 1840 rocem
1418 1765 1510 1851 οὖδας
1525 1795 1719 1865 agnoscere
1730 1775 1820 1865 vult,

486 1910 516 1978 is
538 1906 709 1976 coniiciat
735 1918 882 2001 poetam
908 1903 1096 1998 scripsisse
1128 1898 1222 1983 οὖδας
1243 1901 1408 1997 ἄκαμπτον
1427 1918 1488 1972 aut
1503 1902 1652 1999 ἄκαρπον.
1689 1908 1822 2002 Spatiis

486 2030 575 2117 illis,
590 2053 672 2125 quae
694 2028 790 2096 inter
808 2024 903 2095 duos
925 2049 1048 2095 versus
1063 2023 1197 2121 passim
1220 2022 1331 2111 rides,
1352 2023 1498 2095 lacunas
1520 2026 1763 2098 indicarimus
1783 2029 1821 2098 in

484 2152 557 2222 boc
573 2164 751 2248 poemate,
766 2150 887 2220 verius
905 2147 1050 2234 dixeris,
1073 2149 1111 2217 in
1126 2147 1184 2217 bis
1197 2149 1376 2243 poematis
1394 2149 1601 2244 fragmentis
1621 2176 1696 2220 non
1713 2176 1821 2221 raras.

534 2276 666 2359 Qtrxrr
679 2285 817 2341 textum
833 2271 940 2367 plane
958 2294 1097 2350 norum
1109 2269 1308 2340 lectoribus
1326 2272 1459 2341 uostris
1479 2272 1667 2342 tradimus.
1688 2278 1823 2359 Quam·

488 2422 595 2494 quam
617 2395 679 2467 bic
698 2411 804 2493 poeta
819 2394 972 2465 alterum
989 2393 1298 2465 Rbodomannum
1316 2394 1446 2466 frustra
1459 2396 1581 2467 adbuc
1599 2397 1823 2494 expectabat,

487 2546 654 2619 uotaque
671 2519 853 2608 editione,
874 2545 985 2616 quam
1003 2519 1234 2615 Spitznerum
1249 2534 1285 2588 et
1305 2518 1522 2615 Koecblyuru
1545 2523 1753 2593 coniunctis
1770 2526 1822 2595 ri·

486 2646 588 2716 ribus
605 2669 730 2742 parare
743 2645 956 2740 accipimus,
974 2667 1193 2738 magnopere
1207 2642 1356 2736 indiget,
1377 2659 1497 2713 tamen
1515 2646 1658 2738 triginta
1675 2646 1823 2719 duobus

486 2769 543 2839 bis
561 2770 669 2838 annis
693 2782 776 2864 post
801 2765 993 2861 Tycbsenii
1019 2765 1218 2835 editionem
1243 2791 1370 2860 magna
1390 2768 1502 2837 moles
1521 2767 1823 2841 emendationum

486 3017 665 3106 invenies,
686 3042 769 3114 quae
790 3015 1101 3101 Rbodornannus,
1126 3012 1218 3085 adeo
1242 3016 1405 3085 Pauuius
1429 3033 1523 3087 recte
1548 3017 1695 3102 viderat,
1709 3019 1825 3114 Tych-

485 3143 608 3212 senius
627 3141 791 3237 neglexit.
807 3146 899 3211 Ecce
919 3138 1096 3227 subsidia,
1122 3138 1258 3235 quibus
1276 3142 1441 3209 instructi
1465 3140 1825 3215 Postboruericorum

487 3280 623 3334 textum
639 3265 899 3335 recensuimus.
916 3262 1028 3332 llulta
1045 3263 1183 3357 egregia
1206 3263 1242 3331 iu
1262 3264 1458 3331 llernranui
1480 3262 1652 3358 Orpbicis
1673 3264 1800 3336 insunt
1813 3321 1840 3355 ,.

488 3384 665 3454 nonrmlla
685 3386 787 3453 utilia
800 3387 836 3454 in
849 3383 1049 3453 wer-nictit
1062 3382 1379 3455 commentarioad
1391 3383 1695 3480 Trypbiodorum,
1710 3387 1825 3459 multa

455 3495 459 3502 ¹
487 3509 582 3578 bona
595 3510 631 3576 iu
644 3508 822 3603 Spitzneri
834 3505 1151 3577 observationibus
1164 3508 1201 3576 in
1212 3510 1390 3593 Quintum
1404 3507 1449 3577 ad
1460 3508 1593 3579 calcem
1605 3510 1702 3598 libri,
1713 3537 1824 3608 quern

486 3631 529 3698 ‹lr
546 3657 649 3699 versu
662 3635 864 3700 Grtrconmr
877 3628 1019 3699 hemico
1036 3631 1192 3725 scripsit,
1209 3654 1307 3699 anno
1328 3630 1418 3700 1816
1436 3630 1554 3701 editis.
1572 3632 1744 3704 Eiusdem
1763 3662 1826 3707 au-

487 3755 597 3824 ctoris
609 3753 887 3823 obscnntriurum
895 3757 932 3822 in
945 3755 1070 3847 (turturi
1079 3752 1342 3822 Posthomerr'cu
1352 3753 1524 3849 particula
1533 3757 1651 3851 prima
1663 3771 1698 3828 et
1714 3758 1823 3831 altera

488 3876 685 3972 l'itebergae
703 3902 734 3946 a.
761 3875 851 3947 1815
868 3875 1107 3973 prodierunt,
1131 3878 1236 3946 tertia
1259 3901 1357 3946 anuo
1383 3876 1470 3972 1835
1488 3880 1525 3948 in
1539 3882 1823 3953 Zimmermannr

486 3998 784 4094 ephemeridibus
805 4001 919 4094 gnum.
946 3999 1013 4084 153
1029 4025 1122 4095 sqq,
1139 4024 1218 4095 pag.
1238 3999 1324 4070 ιι6ι
1348 4002 1442 4096 5qu¹
1468 4001 1530 4094 xr),
1547 4016 1742 4099 postquam
1761 4010 1825 4075 Bo

488 4122 569 4192 uitii
584 4123 754 4215 arrrrlmloe
765 4127 941 4192 critr'ctein
958 4126 1126 4213 Quintum
1143 4126 1361 4216 Suprrurnrn
1378 4120 1513 4192 ibidem
1528 4149 1627 4194 anno
1647 4124 1739 4197 1836
1759 4153 1827 4224 pu·

488 4245 572 4315 blici
583 4248 675 4341 juris
695 4247 794 4317 lactae
810 4264 907 4316 sunt.
929 4248 1099 4317 Strurius
1125 4248 1162 4316 in
1183 4246 1434 4343 compluribus
1451 4247 1659 4318 libellorum
1685 4249 1825 4322 sebola-

449 4455 457 4466 η
487 4370 885 4465 sticorunr,quosinter
897 4395 1038 4440 aunum
1056 4372 1189 4466 1817et
1206 4371 1294 4440 1822
1307 4371 1823 4469 Regimontiiedidit,egregias

485 4491 613 4577 Quinti
632 4492 905 4562 emendationes
920 4494 1111 4588 proposuit
1133 4493 1194 4588 aJ.
1208 4493 1422 4563 Glaseualdi
1439 4497 1663 4564 torre'ertuneu
1684 4498 1721 4565 in
1737 4522 1824 4592 poe—

527 4734 567 4810 μ)
588 4734 760 4810 spiam
772 4755 889 4802 omnes,
901 4755 973 4811 quas
986 4734 1024 4792 de
1045 4736 1157 4805 Quinto
1172 4736 1303 4812 scripsit,
1317 4734 1533 4793 observationes·
1548 4738 1577 4793 in
1599 4758 1658 4795 nuo
1674 4740 1822 4801 columine

486 4839 655 4897 uniunt-rs
671 4842 839 4917 nuperrime
852 4841 954 4899 edidit.

527 4941 567 5020 (a)
583 4942 652 5012 Quo
673 4944 786 5001 rariora
803 4945 864 5003 luc
883 4947 995 5006 Strurii
1020 4946 1160 5024 opuscula
1177 4961 1244 5002 suut
1267 4958 1430 5023 paratuque
1446 4946 1624 5020 difficiliora,
1645 4970 1681 5007 eo
1696 4954 1820 5012 maiores

484 5047 592 5126 gratias
606 5046 729 5107 tectum
742 5052 834 5108 nostri
847 5051 996 5109 habebunt
1010 5054 1073 5109 rito
1087 5051 1245 5109 clarissimo
1259 5067 1287 5108 et
1298 5051 1506 5110 humanissimo
1519 5057 1556 5109 de
1567 5058 1679 5128 Sinam,
1690 5059 1764 5135 qrrie
1777 5060 1820 5117 li*

484 5149 646 5228 bl‘ubm,
657 5175 744 5233 qnam
755 5155 847 5228 babet
856 5158 1024 5235 opulentam
1041 5172 1130 5233 atque
1146 5158 1325 5235 etqui-itam,
1338 5159 1476 5234 integram
1487 5157 1602 5215 illorum
1616 5160 1819 5221 collectionem

483 5258 637 5320 udam
647 5263 881 5319 communicarit
