4042 6067
211 548 271 605 154
381 533 459 594 ἸῺΝ
480 530 562 591 MEO
583 528 743 588 OMHPON
764 528 807 585 lb.

258 667 370 750 χείρεσιν
377 658 658 745 ἀμφιθαλοῦσα,κύσεν
667 657 696 717 δέ
701 656 912 739 οῖεύρέαςῶμους

261 757 306 815 καί
320 752 436 836 κεφαλὴν
451 750 496 810 καλ
509 747 603 830 στέρνα
615 744 703 827 γένειά
714 771 743 805 τε
756 745 920 825 λαχνήεντα·

211 862 251 903 aaa
268 842 421 910 ὣςδάύτως
432 839 584 917 Ἀκάμαντα
594 835 684 895 κύσεν·
697 834 758 916 περὶ
764 835 792 894 δέ
798 833 961 918 σφισιδάκρυ

263 932 311 1003 ἡδὺ
331 928 401 990 κατδι
416 928 567 1010 βλεφάροιϊν
582 924 692 1006 ἐχεύατο
705 919 899 1007 μυρομένοισιν.

268 1022 313 1087 Ὡς
323 1019 345 1077 δ’
355 1016 428 1078 ὁπότ’
439 1020 538 1089 αἰξηοῖο
552 1015 607 1093 μετ’
623 1012 810 1073 ἀλλοδάποισιν
825 1010 911 1079 ἐόντος

267 1107 326 1166 λαοὶ
340 1104 473 1189 φημίξωσι
488 1103 577 1187 μόρον,
593 1102 636 1161 τὸν
653 1102 675 1159 δ’
689 1100 797 1160 ἔκποθεν
811 1092 863 1167 υἷες

270 1196 376 1276 ὕστερον
390 1192 551 1274 ἀθρήσαντες
562 1194 588 1259 ἐς
600 1189 669 1250 οἰκία
683 1189 849 1262 νοστήσαντα

214 1300 254 1340 σου
265 1284 401 1344 κλαίουσιν
408 1281 481 1360 μάλα
488 1279 607 1363 τερπνόν·
615 1284 629 1338 ὁ
637 1279 659 1337 δ’
666 1277 849 1357 ἔμπαλιποιισί
858 1275 985 1342 καλαύτὸς

272 1371 382 1453 μύρεται
399 1372 425 1429 ἐν
438 1369 589 1452 μεγάροισιν
602 1367 752 1445 ἐπωμαδὸν,
765 1365 833 1448 ἀμφὶ
848 1364 875 1424 δέ
888 1366 964 1443 δῶμα

266 1460 316 1533 ἡδὺ
327 1457 503 1540 κινυρομένων
518 1456 596 1540 γοερὴ
611 1455 782 1537 περιπέπτατ“
797 1454 860 1527 ἰωή·

270 1548 305 1616 ὣς
317 1552 369 1607 τῶν
386 1545 540 1628 μυρομένων
554 1544 634 1626 λαρδς
646 1543 704 1622 γόος
720 1543 884 1626 ἀμφιδεδήει.

311 1635 365 1696 Καὶ
379 1633 439 1694 τότε
450 1658 500 1694 που
511 1632 646 1716 Πριάμοιο
655 1632 830 1705 πολυκτήτοιο
839 1630 955 1713 θύγατρα

216 1741 255 1783 nis
274 1723 407 1795 Λαοδίκην
420 1722 554 1782 ἐνέπουσιν
561 1724 586 1789 ἐς
596 1720 687 1803 αἰθέρα
695 1730 786 1803 χεῖρας
800 1720 886 1803 ὀρέξαι

270 1816 414 1893 εὐχομένην
427 1811 589 1894 μακάρεσσιν
604 1808 744 1893 ἀτειρέσιν,
757 1810 824 1893 ὄφρα
839 1813 851 1867 t
864 1817 927 1887 γαῖα

269 1900 422 1983 ἀμφιχάνῃ,
436 1900 497 1981 πρὶν
512 1909 589 1981 χεῖρα
606 1902 693 1979 βαλεῖν
709 1898 753 1957 ἐπὶ
766 1897 856 1957 δούλια
869 1896 945 1979 ἔργα·

274 1996 320 2062 τῆς
333 1989 360 2048 δέ
376 1994 440 2048 θεῶν
450 2013 489 2055 τις
505 1987 601 2047 ἄκουσε
614 1987 659 2046 καί
673 1987 766 2046 αὐτίκα
778 1996 854 2065 γαῖαν
867 1984 966 2066 ἔνερθεν

188 2131 191 2136 .
276 2076 349 2158 ῥῆξεν
364 2076 558 2157 ἀπειρεσίην-ἡ
574 2076 596 2132 δ’
611 2074 740 2154 ἐννεσίῃσι
749 2079 816 2133 θεοῖο

219 2181 259 2219 εσυ
275 2165 370 2247 κούρην
385 2164 476 2233 δέξατο
488 2165 544 2222 δῖαν
556 2162 608 2221 ἔσω
621 2162 719 2221 κοίλοιο
735 2163 854 2245 βερέθρου

275 2252 355 2314 Ἰλίου
368 2252 525 2330 ὀλλυμένηα
540 2245 572 2325 ἧς
586 2248 672 2310 εἵνεκά
682 2273 746 2333 φασι
760 2250 807 2309 καί
821 2249 903 2323 αὐτὴν

277 2338 424 2422 Ἠλέκτρην
440 2338 609 2419 βαθύπεπλον
620 2337 661 2396 έὸν
676 2336 757 2415 δέμας
769 2336 955 2421 ἀμφικαλύψαι

277 2430 356 2507 ἀχλύϊ
370 2428 414 2487 καὶ
429 2426 573 2509 νεφέεσσιν,
586 2425 770 2507 ἀπεχθομίνην
780 2426 858 2507 χορὸν
871 2425 957 2485 ἄλλων

277 2517 432 2590 Πληϊάδων,
448 2516 476 2576 αἳ
494 2515 526 2588 δή
542 2519 565 2574 οἱ
579 2514 713 2596 ἀδελφειαί
727 2514 869 2594 γεγάασιν·

221 2620 259 2658 saa
277 2605 334 2663 ἀλλ’
350 2608 377 2663 αἱ
390 2604 437 2684 μέν
449 2614 596 2686 μογεροῖσιν
611 2602 718 2683 ἐπόψιαι
735 2602 909 2684 ἀνθρώποισιν

277 2692 366 2751 ἰλαδὸν
381 2693 548 2751 ἀντελλουσιν
559 2695 585 2758 ἐς
599 2690 720 2772 ούρανόν·
736 2695 753 2762 ἡ
768 2690 790 2747 δ’
801 2688 852 2769 άρα
866 2688 949 2767 μούνη

277 2778 396 2840 κεύθεται
408 2779 462 2839 αἰὲν
473 2780 577 2856 ἀϊστος,
588 2778 645 2839 ἐπεί
657 2778 689 2860 ρά
699 2782 723 2838 οἱ
738 2777 805 2846 υἱέος
818 2780 911 2837 ἐσθλοῦ

278 2868 414 2950 Δαρδάνου
426 2868 494 2950 ἱερὸν
510 2870 575 2929 άστυ
587 2868 746 2949 κατήριπεν·
761 2865 820 2925 ούδέ
834 2869 858 2926 οἱ
874 2866 951 2934 αὐτὸς

274 2952 992 3039 Ζεθςθπατοςχρνίσμησενἀπἀἰθέρος,ούνεκαθίοίραις

221 3059 262 3099 σου
276 3044 340 3105 εἴκει
352 3046 397 3106 καὶ
409 3047 534 3125 μεγάλοιο
546 3044 607 3113 Διὸς
619 3044 708 3123 μένος·
728 3044 796 3103 ἀλλὰ
806 3043 836 3103 τό
851 3044 899 3123 μέν
912 3068 962 3103 που

277 3134 413 3193 ἀθανάτων
428 3136 489 3215 τάχ’
501 3134 584 3217 ἔρεξεν
600 3135 641 3201 ε’ῢς
653 3133 723 3207 νόος,
736 3135 768 3206 ἠέ
781 3133 826 3192 καί
840 3133 910 3192 οὐκί·

277 3222 384 3304 Ἀργεῖοι
400 3224 423 3282 δ’
436 3223 474 3282 έτι
485 3224 565 3301 θυμὸν
581 3223 624 3281 ἐπὶ
637 3222 774 3303 Τρώεσσιν
786 3221 879 3303 όρινον.

496 3493 638 3550 ΛΟΓΟΣ
671 3494 719 3551 iu.

319 3638 372 3699 itai
386 3638 439 3697 τότ’
450 3641 494 3697 ἀπ’
505 3641 630 3699 ὠκεανοιο
641 3640 686 3700 θεά
698 3640 870 3723 χρυσόθρονος
882 3642 953 3710 Ἠὼς

193 3760 196 3767 ·
278 3727 385 3809 οὐρανὸν
399 3727 579 3809 εἰσανόρουσε·
594 3728 665 3797 Χάος
679 3730 703 3788 δ’
715 3729 857 3799 ὑπεδέξατο
871 3730 972 3791 Νύκτα.

277 3820 312 3878 Οἱ
329 3814 356 3875 δέ
373 3814 416 3896 βίῃ
434 3816 532 3897 Τροίην
545 3817 651 3898 εὐερκέα
667 3818 802 3896 δῃώσαντο
901 3884 903 3889 ,

280 3906 389 3988 Ἀργεῖοι
404 3903 449 3964 καλ
464 3909 555 3977 κτῆσιν
569 3906 692 3987 ἀπείρονα
705 3902 862 3979 ληίσσαντο,

249 4010 262 4049 a
278 3994 430 4077 χειμάρροις
442 4003 600 4072 ποταμοῖσιν
614 3992 739 4069 ἐοικότες,
753 3993 779 4053 οί
788 4020 816 4054 τε
830 3995 952 4077 φέρονται

278 4084 305 4151 ἐξ
318 4084 397 4165 ὀρέων
412 4083 561 4164 καναχηδθν
572 4082 723 4164 ὀρινομένου
736 4088 834 4158 beneio,

278 4170 364 4231 πολλὰ
374 4170 402 4230 δέ
411 4172 516 4255 δένδρεα
528 4170 627 4253 μακρά,
634 4171 678 4231 καὶ
686 4173 791 4233 ὁππόσα
799 4173 871 4255 φύετ’
881 4173 994 4255 ὄρεσφιν,

278 4263 364 4330 αὐτοῖς
378 4260 424 4321 σύν
435 4257 581 4343 πρόινεσσιν
591 4259 644 4319 έσω
656 4260 792 4344 φορέουσιν
806 4263 953 4334 θαλάσσης·

278 4349 312 4416 ὣς
325 4350 425 4410 Δαναοὶ
438 4349 582 4431 πέρσαντες
595 4348 659 4409 ὑπαὶ
673 4351 736 4434 πυρί
749 4349 852 4431 Τρόιϊον
866 4350 932 4410 άστυ

238 4452 262 4490 ¹0
278 4438 403 4516 κτήματα
415 4439 504 4499 πάντα
518 4436 643 4521 φέρεσκον
654 4439 834 4521 ἐύσκάρθμους
849 4438 893 4499 ἐπὶ
903 4444 980 4513 νῆας·

278 4527 324 4587 σὺν
338 4529 361 4586 δ’
373 4527 425 4611 ἄρα
434 4529 575 4612 Τρωϊάδας
589 4528 743 4607 καταγίνεον
757 4529 864 4588 άλλοθεν
880 4529 976 4603 άλλας,

278 4614 326 4683 τάς
340 4615 387 4696 μὲν
403 4616 439 4677 ἔτ’
450 4615 571 4696 ἀδμήτας
586 4617 632 4676 καλ
645 4613 735 4691 νηίδος
747 4618 816 4700 ἀμφὶ
830 4617 941 4697 γάμοιο,

281 4702 329 4771 τάς
343 4707 364 4763 δ’
374 4706 416 4788 ἀρ’
430 4707 474 4765 ὑπ’
484 4708 598 4779 αἰξηοίσι
613 4706 670 4766 νέον
683 4706 803 4789 φιλότητι
817 4708 958 4787 δαμείσας,

278 4790 360 4860 tile<
375 4795 396 4851 δ’
409 4787 442 4854 αθ
455 4796 696 4872 πολιοπλοκάμους,
706 4793 795 4875 ἑτέρας
808 4795 830 4853 δ’
841 4795 883 4876 ἄρ’
889 4797 993 4854 ἐκείνων

239 4890 263 4932 ta
279 4881 433 4962 όπλοτέρας,
451 4874 487 4941 ὧν
506 4884 602 4950 παῖδας
614 4883 783 4965 ἀπειρύσαντ’
799 4882 852 4943 ἀπὸ
866 4887 957 4962 μαζῶν
1037 4898 1154 4959 juniores,
1163 4910 1267 4959 quarum
1278 4896 1369 4946 liberos
1378 4896 1551 4948 abstraxerant
1564 4900 1599 4950 ab
1614 4900 1722 4952 uberibus

278 4968 398 5027 ὑστάτιον
408 4970 526 5051 χείλεσσι
540 4972 636 5049 γλάγος
649 4971 898 5052 περιμαιμώωντας.

318 5059 343 5115 Τ
343 5066 408 5115 υἰσιν
425 5058 455 5130 δὴ
468 5059 601 5126 Μενέλαος
614 5060 651 5119 ἐνί
668 5058 789 5138 μέσσοισι
802 5060 846 5118 καὶ
860 5058 936 5126 αὐτὸς

278 5135 341 5220 ἦγεν
357 5144 401 5216 ἑὴν
416 5148 572 5228 παράκοιτιν
587 5149 633 5205 ἀπ’
649 5148 741 5216 ἄστεος
755 5147 915 5225 αἰθομένοιο,

276 5229 401 5300 ἐξανύσας
418 5234 486 5313 μέγα
500 5234 583 5317 ἔργον·
595 5235 653 5315 ἔχεν
670 5235 701 5294 δέ
713 5240 725 5293 ἑ
738 5237 832 5317 χάρμα
847 5235 892 5294 καί
905 5234 994 5303 αἰδώς·

237 5330 264 5370 20
279 5318 454 5401 Κασσάνδρην
469 5323 491 5380 δ’
505 5324 551 5400 άγε
567 5324 623 5381 δῖαν
638 5324 781 5403 ἐϋμμελίης
796 5320 980 5403 Ἀγαμέμνων·

1133 524 1517 587 POSTHOMERICORUM
1528 526 1592 586 LlB
1613 527 1694 587 XIV.

1026 671 1138 721 manibus
1148 672 1302 733 circundans,
1313 677 1337 723 et
1346 673 1533 724 osculatacstei
1544 672 1607 723 latos
1617 674 1735 725 humeros

1025 765 1049 810 et
1059 764 1133 823 caput
1143 763 1168 812 et
1180 765 1265 825 pectus
1276 766 1301 812 et
1310 764 1419 811 mentum
1431 762 1573 826 hispidum

1026 848 1190 899 eodemmodo
1201 850 1274 898 etiam
1282 853 1413 900 Acamanta
1420 850 1584 912 osculataest;
1598 853 1623 900 at
1629 851 1690 913 ipsis
1702 850 1781 901 lacrim

1026 938 1109 988 suavis
1121 938 1152 987 de
1163 938 1283 1002 palpebris
1293 938 1439 989 tundebatur
1449 939 1572 989 lientibus.

1028 1028 1061 1074 Ut
1071 1039 1129 1076 cum
1141 1027 1239 1088 juvenis
1246 1027 1311 1089 apud
1323 1027 1461 1089 peregrinos
1471 1026 1563 1089 agentis

1027 1113 1114 1175 vulgus
1125 1114 1293 1164 disseminavit
1302 1114 1396 1164 obitum
1409 1128 1483 1174 ‚eum
1493 1118 1575 1166 autem
1586 1116 1702 1166 alicunde
1713 1116 1756 1166 tilii

1028 1204 1111 1263 postca
1121 1201 1254 1264 conspicati
1266 1201 1367 1251 domurn
1378 1202 1518 1252 redeuntem

1028 1288 1087 1337 llent
1098 1288 1169 1339 valde
1180 1289 1294 1351 suaviter,
1307 1290 1376 1353 isque
1386 1289 1495 1341 vicissim
1506 1290 1657 1342 cum-liberis
1668 1295 1695 1343 et
1704 1293 1758 1357 ipse

1029 1375 1070 1424 llet
1081 1376 1105 1425 in
1118 1376 1212 1427 edibus
1223 1376 1445 1442 intercomplexns,
1458 1392 1487 1429 ac
1498 1392 1541 1443 per
1552 1379 1655 1429 domum

1029 1466 1137 1515 suaviter
1145 1466 1324 1516 lacrimantium
1333 1467 1419 1518 llebilis
1431 1467 1673 1519 circumextenditur
1683 1482 1733 1520 vox
1745 1485 1752 1518 ε

1029 1554 1065 1602 sic
1074 1553 1162 1603 borum
1173 1554 1283 1605 flentium
1295 1555 1374 1606 dulcis
1390 1555 1498 1619 ploratus
1509 1556 1757 1621 circumsparsusest.

1062 1646 1098 1691 ilc
1106 1631 1167 1691 tunc*
1175 1643 1266 1692 Priami
1277 1644 1386 1707 opulenti
1399 1644 1472 1693 liliam

1031 1729 1152 1780 Laodicen
1163 1731 1292 1795 perbibent
1307 1732 1337 1781 ad
1347 1733 1438 1782 aetlrera
1449 1746 1537 1782 manus
1551 1734 1685 1784 sustulisse

1031 1819 1224 1870 vota-iacientem
1236 1822 1283 1871 diis
1293 1822 1471 1872 immortalibus
1482 1859 1489 1884 ,
1501 1826 1529 1872 ut
1540 1822 1620 1887 ipsam
1632 1827 1699 1873 terra

1031 1904 1401 1970 biatu-absorberet,prinsquam
1408 1908 1659 1959 manumadmoveret
1666 1909 1781 1961 adsenili

1032 1992 1125 2057 opera]
1134 1997 1194 2043 Eam
1205 2008 1262 2044 vero
1269 1998 1373 2044 Deorum
1383 1997 1640 2061 quispiamexaudivit
1656 1998 1781 2048 accontinn

1033 2081 1121 2127 terram
1132 2079 1229 2144 subtus]
1240 2082 1305 2144 rupit
1314 2082 1458 2131 immensam
1471 2118 1478 2143 ,
1493 2096 1549 2145 qum
1561 2082 1692 2134 voluntate
1702 2085 1745 2134 Dei

1033 2167 1138 2230 puellam
1152 2168 1246 2231 excepit
1257 2168 1389 2219 formosam
1402 2170 1464 2219 intra
1477 2183 1565 2218 cavam
1578 2171 1722 2235 voraginem

1035 2256 1077 2305 llio
1089 2260 1204 2319 pereunte
1217 2272 1223 2305 ε
1236 2257 1306 2320 cujus
1315 2271 1388 2307 causa
1404 2259 1483 2307 ierunt
1494 2259 1568 2308 etiam
1582 2260 1664 2323 ipsam

1034 2344 1153 2394 Electram
1165 2345 1339 2410 prolixo-peplo
1349 2361 1421 2396 sunm
1432 2363 1520 2412 corpus
1531 2349 1672 2401 obduxisse

1034 2433 1135 2496 ealigine
1146 2446 1175 2483 ac
1188 2433 1304 2495 nubibus,
1317 2449 1428 2498 perosam
1440 2437 1542 2485 clrorum
1554 2437 1708 2502 reliquarum

1035 2522 1241 2585 Pleiadumque
1253 2522 1329 2586 ipsius
1341 2537 1435 2574 sorores
1447 2530 1505 2574 sunt
1516 2544 1524 2588 ;

1035 2623 1120 2659 verum
1130 2610 1183 2661 istm
1192 2610 1290 2675 quidem
1302 2612 1429 2662 laboriosis
1444 2618 1583 2677 conspicue·
1596 2616 1738 2669 hominihus

1035 2698 1150 2762 gregatim
1160 2697 1273 2749 oriuntur
1284 2700 1310 2748 in
1321 2701 1392 2763 cmlo,
1405 2702 1446 2750 illa
1460 2716 1518 2752 vero
1530 2703 1585 2754 sola

1034 2785 1171 2836 occultatur
1180 2799 1274 2850 semper
1283 2788 1448 2851 inconspicua,
1463 2792 1521 2854 quia
1533 2792 1588 2854 ejus
1603 2793 1647 2843 tilii
1658 2796 1781 2859 pvaestanllt

1035 2874 1140 2923 Dardani
1151 2888 1219 2925 sacra
1231 2875 1290 2925 urbs
1302 2877 1407 2938 corruit;
1418 2891 1497 2941 neque
1507 2879 1541 2928 illi
1552 2880 1609 2944 ipse
1629 2902 1644 2911 ··

1036 2963 1148 3026 luppiter
1164 2976 1276 3013 summus
1285 2965 1422 3027 opem-tulit
1430 2966 1461 3016 de
1472 2968 1542 3030 coelo,
1553 2970 1676 3032 quoniam
1686 2973 1760 3025 earm

1036 3051 1100 3101 cedit
1112 3051 1184 3101 etiam
1195 3052 1275 3115 magni
1286 3054 1357 3103 lovis
1371 3054 1453 3104 robur.
1470 3058 1543 3119 Atqui
1557 3058 1608 3109 lroc
1617 3060 1684 3111 torte

1036 3137 1136 3187 deorum
1149 3137 1232 3188 subito
1244 3139 1334 3202 peregit
1343 3141 1439 3204 sapiens
1452 3157 1521 3193 mens
1533 3121 1582 3193 aut
1592 3148 1670 3197 etiam
1680 3162 1736 3198 non.

1037 3229 1115 3277 Graeci
1127 3233 1209 3278 autern
1219 3230 1298 3279 adlruc
1310 3231 1418 3280 ariirnurn
1431 3233 1456 3282 in
1467 3236 1590 3297 Troianos
1604 3238 1758 3289 concitabant

1374 3389 1477 3410 ⁴0·-

1304 3487 1435 3547 LIBER
1465 3489 1558 3548 XIV.

1069 3663 1104 3707 Ac
1115 3660 1174 3705 tunc
1187 3655 1218 3705 ab
1229 3659 1325 3706 Oceano
1337 3656 1382 3705 dea
1395 3657 1539 3707 arrritlrrona
1552 3664 1651 3711 Aurora

1039 3747 1160 3796 incenium
1172 3747 1311 3806 evecta-est,
1323 3745 1450 3807 ciraosque
1461 3748 1561 3811 excepit
1572 3752 1686 3801 Noctem.

1038 3834 1068 3883 Vi
1078 3837 1159 3882 autern
1168 3833 1264 3894 Troiam
1280 3832 1398 3880 munitam
1411 3832 1677 3887 hostiliter-vastarunt

1039 3921 1117 3971 Graeci
1134 3926 1158 3971 et
1167 3935 1226 3983 opes
1239 3921 1371 3969 immensas
1383 3921 1572 3984 exspoliarunt,

1039 4007 1188 4058 torrentibus
1199 4007 1282 4056 lluviis
1292 4009 1397 4068 similes,
1411 4009 1452 4070 qui
1465 4009 1614 4062 deteruntur

1039 4099 1069 4147 de
1085 4096 1210 4146 montibus
1222 4098 1369 4146 cumsonitu
1381 4098 1509 4161 ingruente
1520 4100 1609 4162 pluvia
1621 4139 1628 4164 ,

1039 4186 1177 4248 multasque
1186 4184 1283 4235 arbores
1296 4198 1409 4249 proceras
1420 4200 1449 4236 ac
1465 4201 1627 4253 qrraecunque
1643 4185 1780 4241 nascuntur!

1038 4273 1182 4340 montibus]
1194 4274 1253 4339 ipsis
1262 4288 1318 4325 cum
1328 4275 1461 4326 verticibus
1473 4276 1592 4355 deserunt
1603 4281 1629 4329 in
1646 4292 1718 4330 mare:

1039 4366 1074 4416 sic
1085 4367 1165 4415 Greci
1177 4370 1270 4415 vastata
1282 4366 1330 4430 igni
1343 4369 1446 4431 Trojano
1461 4368 1522 4419 urbe

1039 4469 1098 4519 opes
1115 4455 1240 4505 universas
1253 4454 1360 4505 terebant
1372 4457 1445 4519 agiles
1460 4458 1491 4507 ad
1502 4472 1597 4523 naves;

1041 4558 1089 4593 una
1100 4543 1173 4593 etiam
1185 4543 1301 4607 Trojadas
1310 4544 1462 4595 abducebant
1473 4545 1578 4597 aliunde
1589 4546 1652 4598 alias
1663 4584 1671 4608 ‚

1039 4636 1128 4699 partim
1139 4634 1219 4683 adlrnc
1230 4635 1346 4697 innuptas
1357 4640 1381 4685 et
1391 4639 1503 4699 expertes
1515 4638 1646 4701 conjugii,

1040 4722 1127 4787 partim
1139 4721 1295 4785 niuvenibus
1306 4736 1390 4772 recens
1403 4737 1487 4774 amore
1498 4724 1665 4790 subjugatas,

1039 4811 1098 4860 alias
1109 4811 1182 4871 etiam
1191 4809 1463 4873 canocapilloobsitas,
1475 4810 1538 4861 alias
1550 4825 1614 4863 vero
1623 4814 1663 4863 bis

1040 4986 1152 5035 ultimum
1163 4985 1235 5035 labiis
1245 4986 1283 5036 lac
1295 4988 1443 5050 appetentes.

1071 5076 1164 5123 Horum
1177 5086 1233 5123 vero
1245 5074 1369 5124 lienelans
1379 5073 1403 5123 in
1414 5074 1495 5124 medio
1508 5076 1586 5126 etiam
1602 5078 1656 5143 ipsc

1040 5168 1142 5217 abduxit
1152 5180 1222 5217 suum
1237 5181 1338 5218 uxorem
1351 5167 1381 5217 ab
1391 5166 1450 5216 urbe
1461 5167 1582 5232 ardente,

1040 5257 1277 5318 executusmagnum
1284 5270 1359 5319 opus,
1368 5253 1515 5317 tenebatque
1525 5256 1613 5320 ipsum
1622 5250 1770 5322 emmer

1049 5338 1774 5410 oricassandramremfatidicamabduxittorttsnpnrfl
