4042 6067
701 501 917 562 ANTllllAClll
941 503 1189 564 FRAGMENTA.
1470 573 1477 588 ι
1690 501 1742 568 tt'

483 631 579 689 CXIV.

958 632 1114 714 cip-{aetam
1141 639 1157 691 5
1187 638 1247 692 l'at.
1268 636 1439 714 nales(sic],
1461 649 1489 693 et
1519 638 1577 694 ι’.6
1599 636 1728 698 σύδέύ-

182 718 297 780 l’robus
319 719 355 776 ad
384 719 482 796 Vir-gil.
506 719 567 776 Ect.
586 718 631 790 λ’,
656 721 689 776 18
710 742 717 776 :
738 723 863 793 Adonis,
884 736 915 776 at
957 744 1033 799 χεται
1047 721 1077 779 ἂν
1093 724 1264 793 ei;,vitiase.
1281 726 1355 783 Edit.
1369 727 1493 784 Floreat.
1509 724 1625 805 εύχέταν.
1640 728 1724 786 lleete

141 812 287 866 Hesiodus
309 813 368 877 ait,
391 808 534 863 Plroenieis
559 821 587 863 et
610 807 800 882 Aptesttoeae
812 831 824 878 ,·
837 814 913 885 Age-

141 899 219 952 noris
238 896 389 965 Clraantr's,
401 896 453 969 qai
465 896 576 967 Syriam
599 894 794 970 Arabiamque
826 900 913 953 tenuit

138 985 273 1060 imperio,
296 995 328 1038 nt
340 983 531 1038 Antimachus
545 986 588 1038 ait
603 1004 614 1039 .·
631 991 796 1060 regnantia
813 984 910 1060 Cppm.

138 1073 227 1132 luitia
241 1069 425 1128 scribendum
440 1069 566 1140 videtur,
627 1069 822 1147 Aardesr'boeoe
836 1079 912 1147 Age·

137 1164 235 1229 noris3
256 1160 394 1231 Titianus,
408 1160 471 1234 qui,
486 1171 539 1216 etc.
555 1160 587 1216 V.
601 1179 688 1236 snpra
698 1159 732 1217 sc.
744 1160 911 1235 Panyasidis

138 1251 190 1324 αἳ,
202 1249 230 1303 ia
251 1267 310 1324 qno
328 1247 393 1304 loco
408 1246 579 1324 Apollodori
593 1246 724 1305 similiter
738 1249 806 1305 olim
822 1247 910 1309 Θόαν-

136 1358 183 1400 τος
207 1334 358 1412 legebatur
383 1354 438 1412 pro
462 1332 596 1402 Θείαντος.
629 1335 684 1395 Sed
712 1337 853 1394 scholium
880 1337 909 1394 in

137 1424 241 1481 ceteris
265 1442 381 1500 quoqne
398 1421 544 1481 turbatum
558 1436 610 1481 est.

174 1529 185 1554 1

434 1569 619 1591 *a

405 1660 641 1720 EPIGRAMMA.

340 1772 469 1854 (Anthol.
484 1775 542 1833 Pal.
558 1776 613 1846 lX,
630 1779 708 1855 321.)

149 1898 344 1947 ANTlAlAXOY.
361 1897 413 1946 ΕΙΣ
425 1898 610 1947 ΑΦΡΟΔΙΤΗΝ
626 1900 895 1951 ΟΠΛΟΦΟΡΟΥΣΑΝ.

179 2021 267 2080 Τίτττε
281 2018 369 2097 μύύων
388 2019 513 2096 ἄτλητος,
528 2020 676 2082 Ἐνυαλίοιο
691 2021 834 2102 iilam-5,

220 2123 322 2208 Κύπρις
339 2124 377 2192 τίς
388 2128 401 2184 ὁ
411 2124 523 2208 ψεύστας
536 2124 635 2205 στυγνλ
649 2131 749 2211 aula-le
764 2127 849 2207 μοίτην

179 2231 268 2302 ἔντεας
282 2229 324 2290 col
335 2227 385 2313 ll?
394 2226 510 2311 Ἔρωτες
523 2231 655 2314 ἕρίμεροι,
667 2231 685 2289 α’
699 2257 727 2291 τε
739 2236 797 2294 κατ’
808 2232 881 2296 εὐνὰν

219 2335 310 2420 τέρψις
326 2336 372 2397 καλ
387 2335 521 2419 κροτάλων
539 2338 696 2416 θηλυμανεῖς
711 2339 807 2399 laedat.

179 2441 301 2525 Δούρατα
314 2442 336 2501 δ’
352 2439 510 2520 αἱματόεντα
526 2441 601 2519 με’θις
613 2445 755 2523 Τριτωνίδι
767 2444 808 2527 δίᾳ

219 2553 317 2608 ταῦτα’·
329 2544 361 2607 σύ
377 2546 400 2606 δ’
415 2546 537 2626 εὖχαίταν
555 2550 590 2614 εἷς
604 2546 725 2626 ὑμέναιον
743 2549 787 2607 ἴθι.

176 2680 345 2742 Callimachi
365 2680 540 2758 epigramma
555 2700 615 2739 esse
630 2682 753 2739 credidit
768 2682 904 2741 lluhalre·

143 2772 222 2844 nius,
233 2769 316 2848 crrjns
331 2770 456 2847 plurima
470 2781 538 2826 sunt
552 2769 580 2826 in
601 2770 905 2847 Antholagia'Graeea,

144 2858 305 2919 Antimachi
324 2857 380 2916 hoc
399 2877 488 2915 unum
507 2881 513 2914 :
531 2857 641 2933 lapsum
658 2859 734 2915 enim
757 2858 847 2917 rideri
868 2860 906 2918 li-

142 2949 276 3008 brarium.
294 2947 352 3007 Sed
374 2947 471 3005 nescio
491 2966 527 3004 an
548 2947 662 3004 diverso
680 2948 766 3005 modo
781 2949 905 3006 ratione·

143 3041 178 3096 ris
199 3035 390 3116 probabilius.
416 3036 449 3095 V.
468 3055 485 3092 a
501 3036 622 3095 Plannd.
637 3034 731 3113 μάταν.
746 3035 781 3097 Ὁ
794 3036 906 3117 ψεύστης

142 3125 175 3184 de
192 3125 304 3184 artifice
319 3123 370 3203 qui
389 3124 494 3182 Veneri
514 3123 648 3183 tribuerit
669 3145 732 3201 (μετα
749 3124 785 3183 ab
804 3139 906 3184 natura

142 3214 201 3292 ejus
228 3211 403 3272 videbantur
436 3212 618 3270 alienissima.
650 3212 906 3287 obversabantur,

141 3302 233 3381 inquit
253 3298 423 3372 lacobsins,
446 3300 617 3359 Antimacho
640 3300 791 3358 llomerica
814 3299 907 3379 (lliad.

141 3391 175 3462 li,
193 3391 251 3458 tall
266 3390 339 3468 τιτλε

178 3519 220 3581 Ol
230 3541 273 3580 τοι
278 3565 288 3595 ,
297 3517 386 3580 τίκνον
401 3517 478 3598 ίμλν,
492 3516 593 3579 δίδοται
604 3517 737 3596 πολεμήϊα
752 3519 828 3603 ἔργα·

179 3623 250 3686 atad
263 3622 295 3686 σύ
310 3626 336 3705 γ’
351 3622 488 3707 ἱμερόεντα
504 3623 630 3707 μετέρχιο
640 3623 704 3708 ἔργα
718 3624 828 3703 γείμοιο,

179 3737 266 3792 ταῦτα
283 3729 306 3790 δ’
313 3726 392 3814 Ἄρηϊ
405 3733 456 3813 θοῷ
469 3729 515 3790 καί
525 3730 619 3809 Ἀθήνῃ
631 3727 716 3789 πάντα
730 3731 847 3810 μελήσει.

138 3864 255 3928 lleinde
265 3863 374 3922 manvi
382 3862 604 3933 distinctionem,
612 3861 737 3940 ejusdem
749 3863 803 3921 viri
814 3885 908 3924 suasu.

139 3955 251 4031 Vulgo,
320 3953 422 4031 καύᾶρι
437 3949 539 4027 μοίιην;
553 3948 651 4010 Ἔντεα
674 3951 716 4010 σοί
731 3949 781 4030 γὰρ
836 3954 907 4013 Nam

137 4041 221 4123 quod
233 4039 304 4100 alibi
318 4051 396 4100 recte
412 4039 558 4098 diceretur
567 4038 604 4098 de
615 4042 739 4116 Venere,
756 4046 815 4097 Tan
826 4063 907 4097 arma

133 4144 208 4190 sant
220 4135 358 4200 Amores,
379 4141 473 4202 toras,
494 4127 523 4183 id
546 4126 615 4185 huic
633 4129 830 4205 epigrammati
850 4150 907 4186 non

131 4231 181 4280 est
205 4228 325 4296 aptum3
347 4229 434 4294 poeta
453 4215 509 4273 hoc
526 4216 603 4288 vult,
619 4216 689 4272 nihil
708 4236 825 4293 prorsus
847 4237 909 4275 esse

131 4306 245 4365 Veneri
262 4324 329 4364 eum
348 4304 450 4374 armis;
471 4324 529 4360 nan
553 4323 698 4361 armornm
720 4324 809 4379 gentis
832 4304 909 4362 aliud

129 4397 193 4476 ipsi
207 4406 311 4473 negat,
325 4391 404 4450 aliud
417 4392 559 4450 coneedit.
572 4395 605 4450 V.
622 4394 638 4448 3
654 4413 695 4468 sq.
710 4393 788 4449 l‘lan.
803 4390 833 4451 αἵ
843 4416 872 4452 τε

404 4602 651 4663 EPIGRAMMA.

367 4700 392 4739 nt
408 4701 521 4740 ταιειιειι
537 4701 683 4738 mancam

124 4769 192 4825 Cur
207 4761 317 4818 insueta
329 4758 405 4830 cepis
418 4759 517 4815 llartis
532 4758 665 4832 Cytherea
681 4757 805 4813 labores?

171 4841 240 4916 quis
253 4848 360 4897 tenerae
373 4837 487 4895 mendax
501 4844 557 4894 tam
570 4838 616 4893 dat
630 4837 722 4894 acerba
735 4837 792 4892 dea

270 5377 413 5415 tatanem
426 5376 549 5417 tt’tcuttt‘tt.

959 812 1116 871 Planudea.

1288 961 1394 977 νηοῦ-

998 1037 1144 1115 lijicienda
1160 1050 1241 1095 erant
1255 1058 1291 1096 ex
1307 1037 1468 1095 Antimaelri
1485 1038 1651 1114 fragmentis
1667 1040 1723 1116 pri-

957 1151 1033 1188 mam
1058 1148 1123 1205 qnae
1145 1126 1378 1204 Scltellenlrergio
1401 1139 1468 1182 snm
1496 1129 1530 1183 32
1555 1139 1584 1183 et
1608 1129 1664 1197 33,
1687 1128 1721 1184 atl

955 1220 1091 1295 cyclicum
1100 1216 1275 1276 'l'lrebaidem
1287 1217 1471 1293 pertinentia3
1481 1215 1586 1272 deinde
1594 1215 1721 1289 ιηίιειΙινιι

956 1309 992 1375 48
1008 1307 1053 1365 vel
1072 1305 1210 1364 llimtzeri
1229 1305 1261 1374 6,
1276 1324 1311 1360 es
1328 1303 1475 1380 Stephano
1495 1303 1652 1378 Byzarrtiaa
1670 1323 1722 1379 pe-

956 1398 1038 1452 titum
1054 1414 1061 1454 :
1076 1391 1240 1463 Κοτύλαιον,
1253 1391 1311 1473 ὄρος
1326 1390 1438 1456 Eleate:
1453 1390 1621 1466 ἀνακείμενον
1636 1389 1721 1468 'Apsi-

953 1485 1025 1561 μιδι,
1044 1481 1078 1548 ὥς
1101 1507 1178 1565 ρησιν
1201 1480 1356 1559 Ἀντίμαχος
1382 1482 1409 1537 ἐν
1428 1478 1576 1558 Ἀρτέμιδος
1597 1479 1657 1556 (sic)
1686 1477 1718 1557 β’.

956 1571 1115 1631 librarium
1131 1572 1173 1628 vel
1189 1570 1408 1647 epitomatorem
1421 1569 1546 1626 voluisse
1558 1563 1719 1646 Ἀρχέμαχος

953 1664 979 1719 ἐν
999 1659 1132 1719 Ebimaris
1148 1663 1173 1738 β’
1192 1680 1213 1717 s.
1232 1661 1270 1737 γ’,
1294 1672 1415 1736 apparet
1436 1680 1469 1714 es
1493 1658 1719 1735 llarpocratione

953 1751 980 1806 in
998 1749 1097 1806 eadem
1118 1770 1153 1816 ν.,
1171 1769 1198 1825 p.
1219 1750 1282 1818 115,
1298 1756 1323 1814 l..
1343 1748 1421 1807 ldenr
1435 1749 1597 1804 lliintaerns
1613 1757 1643 1802 ut
1660 1745 1719 1803 sra-

952 1850 1098 1914 gmentam
1111 1839 1145 1895 53
1157 1837 1251 1913 posuit
1262 1858 1297 1893 ex
1306 1834 1718 1897 lleradianoCrameriAneed.

953 1926 1008 1984 vol.
1027 1927 1081 1997 lll,
1097 1948 1124 2004 p.
1141 1926 1192 1981 231
1207 1946 1244 1997 ,α
1261 1923 1407 1994 :atla-a...
1424 1924 1584 2002 (signifieat)
1601 1920 1718 1988 καὶτοὺς

952 2014 1079 2092 ἀμανίτας
1096 2012 1152 2079 τοὺς
1171 2013 1231 2095 περὶ
1247 2013 1280 2071 ait
1299 2013 1390 2092 δένδρα
1409 2011 1573 2091 γινομένους,
1594 2015 1628 2079 ύις
1647 2010 1718 2092 παρὰ

953 2100 1117 2180 Ἀντιμοίχον

1072 2187 1149 2265 *lidae
1168 2189 1189 2247 δ’
1206 2185 1274 2247 ὀπτα
1286 2184 1404 2266 μύκητας
1420 2188 1558 2269 πρινίνους.

953 2282 1026 2337 Sunt
1053 2278 1141 2337 verba
1168 2279 1340 2353 Autiplurnir
1362 2277 1439 2355 apnd
1454 2277 1623 2336 Athenaeum
1636 2278 1675 2348 ll,
1691 2298 1717 2354 p.

952 2371 1003 2436 60,
1021 2369 1065 2426 ll:
1079 2363 1170 2426 'Orata
1185 2364 1304 2442 μύκητας
1318 2365 1456 2444 πρινίνους·
1471 2379 1499 2422 et
1515 2365 1557 2422 E:
1576 2365 1609 2423 lil
1670 2363 1719 2445 ρσί-

951 2455 1024 2530 γοιμί
1038 2478 1077 2526 τι,
1089 2453 1208 2530 μύκητας
1220 2451 1305 2530 ὠμούς
1316 2452 1345 2507 ἂν
1359 2461 1448 2529 put-{eir
1460 2452 1536 2511 δοκῶ,
1555 2454 1611 2510 Nec
1638 2457 1718 2510 Teias

952 2543 1138 2600 Antimachus
1153 2541 1327 2616 Colophonii
1341 2540 1626 2615 reliqniisimmisceri
1636 2540 1717 2598 debe-

951 2628 1000 2686 bat
1015 2630 1144 2708 (Collect.
1158 2631 1261 2686 lliintz.
1277 2649 1306 2706 p.
1325 2628 1388 2703 νος)
1409 2641 1472 2703 pant
1494 2627 1603 2683 rnonita
1620 2628 1715 2686 Scltel-

952 2714 1090 2794 leubergii
1106 2738 1133 2793 p.
1156 2718 1257 2773 16-18.
1275 2717 1379 2774 Versus
1394 2716 1504 2791 aliquot
1524 2717 1719 2771 ¹lnrlrarnaclrr'

952 2806 1156 2882 Wesselingins
1171 2803 1207 2862 ad
1226 2804 1387 2862 Diodorum
1405 2804 1462 2861 nol.
1476 2823 1507 2875 a,
1524 2823 1552 2880 p.
1572 2822 1645 2878 299,
1665 2804 1716 2874 55,

951 2895 1061 2972 profert
1081 2907 1217 2971 tanquam
1235 2892 1452 2965 Antimaclreos,
1467 2891 1569 2949 calami
1585 2892 1668 2968 lapsu
1687 2891 1716 2948 ia

951 2982 1079 3040 editione
1093 2982 1278 3041 l)indorliaaa
1295 2981 1428 3057 repetito.

991 3070 1099 3129 Natalis
1118 3071 1220 3129 Comes
1236 3068 1356 3144 llythal.
1376 3069 1443 3140 Vll,
1464 3077 1495 3138 a,
1510 3089 1538 3144 p.
1557 3087 1613 3140 ςαα
1629 3088 1636 3125 :
1655 3075 1718 3126 An·

950 3159 1088 3214 tinraclnts
1101 3164 1128 3213 in
1142 3158 1400 3215 Centauromaclria
1410 3158 1471 3212 illos
1486 3157 1668 3233 (Centauros)
1680 3158 1718 3213 alr

953 3251 1072 3303 Hercule
1089 3252 1189 3321 pulsos
1211 3267 1227 3302 e
1251 3246 1395 3301 Thessalia
1417 3247 1446 3300 in
1469 3249 1577 3300 insulas
1590 3250 1717 3304 Sirenum

951 3337 1109 3415 errnfirgisse
1123 3338 1251 3411 scripsit,
1265 3337 1312 3390 ubi
1322 3336 1450 3390 cantibus
1463 3337 1575 3390 illarum
1586 3336 1720 3390 delectati

953 3446 1050 3480 omnes
1071 3427 1100 3481 in
1123 3438 1253 3499 apertam
1271 3426 1427 3497 perniciem
1442 3424 1565 3492 suerunt
1582 3427 1717 3480 attracti:

952 3516 1057 3570 deinde
1072 3515 1120 3568 adi
1138 3516 1241 3569 Nessus
1259 3515 1353 3567 etalii
1373 3515 1510 3570 Centauri
1528 3515 1633 3588 septtlti
1642 3513 1719 3583 suis·

953 3617 1033 3673 sent,
1051 3622 1089 3657 er
1106 3604 1141 3658 iis
1155 3596 1318 3657 vttlneribas
1331 3623 1387 3657 non
1398 3605 1502 3676 procul
1520 3623 1538 3657 a
1559 3602 1718 3673 Calydone,

953 3694 983 3747 in
1002 3694 1072 3747 colle
1087 3692 1139 3766 qai
1154 3691 1312 3765 Taphossas
1324 3689 1596 3764 suit'nancapatus,
1612 3696 1721 3764 grauis·

953 3781 1041 3836 simus
1054 3781 1126 3836 odor
1135 3780 1285 3834 admontis
1298 3780 1422 3834 radicem
1435 3777 1672 3850 suffundebatur,
1686 3800 1721 3833 ac

954 3870 1019 3924 tabu
1032 3868 1123 3923 simile
1141 3869 1277 3943 quiddam
1293 3866 1447 3933 manabat,
1458 3881 1488 3923 at
1503 3868 1545 3923 ait
1560 3866 1660 3924 Strabo
1677 3871 1726 3922 at

954 3956 994 4032 [p.
1009 3955 1086 4033 [μή.
1100 3957 1155 4015 Res
1171 3956 1259 4031 petita
1276 3976 1313 4013 ex
1325 3957 1437 4014 Tzetzae
1453 3954 1569 4012 sclroliis
1583 3954 1612 4011 in
1630 3955 1718 4028 Lyco-

955 4043 1059 4120 plrron.
1080 4044 1154 4116 670,
1170 4043 1219 4100 nlri
1244 4041 1406 4101 Antimaclri
1431 4041 1580 4118 vestigium
1601 4042 1719 4099 nnllam.

955 4133 1055 4207 Neque
1076 4150 1172 4207 operae
1196 4132 1318 4207 pretinm
1341 4128 1499 4187 existimavi
1522 4128 1650 4185 studiose
1674 4129 1720 4184 in-

955 4219 1094 4295 vestigare
1107 4219 1226 4275 alterum
1239 4218 1347 4289 larana,
1361 4218 1387 4273 in
1398 4236 1455 4292 qao
1470 4215 1629 4274 Antimaclri
1643 4235 1722 4274 men·

956 4307 995 4363 tio
1009 4306 1038 4362 lrt
1046 4351 1054 4377 ,
1064 4304 1220 4362 secundum
1234 4304 1294 4361 lraee
1304 4304 1452 4380 catalogi«
1465 4305 1652 4360 Antimachus
1671 4311 1720 4361 Ar·

952 4396 1040 4467 ,αἰτίαν
1055 4393 1116 4469 (εἰσ)-
1129 4399 1158 4447 in
1175 4396 1382 4467 Argonautica.
1406 4419 1418 4442 ν

955 4603 1050 4655 arara?
1065 4601 1113 4656 tibi
1129 4604 1261 4673 strepitus
1269 4603 1436 4658 crotalornm
1451 4602 1550 4666 mollis,
1564 4617 1692 4673 amorque

990 4681 1117 4752 peruigil,
1133 4686 1161 4736 et
1178 4681 1273 4753 placidi
1289 4680 1388 4753 gaudia
1406 4681 1491 4736 iruulta
1503 4681 1568 4737 tori.

954 4761 1093 4831 Sanguine
1104 4767 1247 4817 manantes
1260 4760 1354 4816 hastas
1366 4760 1518 4818 transcribe
1534 4763 1664 4818 Minerva
1679 4777 1685 4812 :

992 4839 997 4892 i
1015 4843 1060 4904 tn,
1074 4856 1127 4911 qno
1140 4856 1249 4896 cannen
1260 4839 1411 4912 eonjugiale
1424 4844 1509 4896 vocat.
1642 4842 1720 4894 Hau.
