4042 6067
297 591 330 642 rt
824 569 1054 631 PANYhSlDlS
1079 570 1325 631 FRAGMENTA.

327 709 516 773 Alexandrini
534 708 673 784 Panyasin
698 706 727 763 in
745 725 883 761 canonem
901 705 1058 781 Epicurum
1101 705 1364 780 peregrinationem
1388 704 1417 760 in
1438 703 1543 779 Lydia,
1569 705 1728 764 luxurianti
1754 709 1871 787 ingenio

286 812 466 878 receperunt.
479 799 522 856 De
533 794 594 873 ejus
607 814 728 873 poeseos
738 793 837 851 indole
849 794 889 851 ita
902 792 1059 868 Dionysius
1102 792 1221 869 copiose
1233 812 1398 851 exornasse.
1407 820 1419 841 ι
1437 793 1579 850 Nimirum
1601 795 1761 853 Athenaeus
1783 800 1828 877 (fr.
1842 801 1870 872 82.

286 890 378 949 llalic.
397 888 448 964 qui
464 886 556 943 fertur
570 884 716 963 (Censura
732 894 802 940 vett.
817 885 928 959 scripu.
954 900 982 957 p.
1002 889 1059 953 ηιμ
1102 881 1315 958 navigationem
1332 881 1362 938 in
1380 880 1534 955 Erythram
1549 901 1585 938 ex
1594 884 1692 957 primo
1702 882 1780 942 libro
1792 907 1872 946 com-

287 975 393 1051 llcislr.)
407 996 413 1029 :
428 970 564 1038 Πανύασις
590 968 618 1028 δὲ
640 970 688 1037 τοίς
714 968 738 1027 τ’
757 971 853 1051 οίμροῑν
880 967 1009 1044 (Hesiodi
1031 979 1060 1023 et
1102 980 1259 1026 memorat:
1274 988 1338 1044 quae
1350 988 1394 1026 res
1406 966 1499 1034 ἄθλους
1511 967 1585 1027 adeo
1599 968 1629 1026 iu
1653 982 1768 1029 arctum
1785 977 1872 1053 cogit,

286 1061 462 1138 Antimachi)
485 1056 580 1141 ἀρετθις
599 1056 738 1136 ἠνέγκατο,
758 1056 804 1115 καὶ
821 1058 906 1114 αὐτῶν
929 1077 1060 1135 πραγμα-
1101 1069 1134 1114 ut
1143 1069 1231 1134 poeta
1242 1056 1449 1114 dissimillimus
1459 1069 1598 1134 appareat
1610 1056 1637 1114 ei
1648 1078 1736 1136 quem
1750 1081 1786 1118 cx
1798 1066 1872 1121 tertii

286 1152 342 1233 τείρ
358 1148 403 1209 καλ
425 1153 458 1227 τῇ
477 1146 536 1206 κατ’
558 1144 636 1203 αὐτὸν
659 1142 794 1224 οἰκονομίᾳ
819 1142 961 1222 διήνεγκεν.
986 1145 1059 1215 Qnae
1103 1143 1170 1203 libri
1198 1144 1365 1221 fragmentis
1392 1134 1606 1220 cognoscimus,
1635 1158 1669 1202 ut
1691 1151 1872 1208 tractationis

287 1241 419 1319 pleniora
440 1249 468 1294 et
483 1234 647 1293 distinctius
671 1232 761 1289 relata
781 1232 889 1309 legerat
904 1232 1058 1301 Quintilia-
1102 1230 1282 1310 aequabilitas
1297 1232 1390 1289 omnis
1409 1233 1490 1309 operi
1508 1230 1546 1289 ob
1565 1231 1762 1310 «disponendi
1787 1239 1871 1295 ratio

287 1350 341 1386 nus
363 1327 410 1403 (X,
432 1346 457 1400 r,
478 1323 569 1400 §5t),
586 1322 637 1399 qui
654 1320 689 1379 de
703 1320 830 1379 Hesiodo
847 1333 875 1378 et
887 1319 1059 1377 Antimacho
1102 1342 1188 1379 nem»
1203 1321 1319 1378 laudato
1329 1321 1478 1398 eripiatur.
1495 1323 1655 1399 Necperse
1667 1336 1711 1380 est
1723 1325 1871 1394 credibile,

286 1412 1058 1490 locutusitapergit:Panyasineoentroqnemixtam
1101 1411 1178 1467 illius
1193 1410 1283 1467 aetatis
1302 1422 1415 1487 poetam
1444 1410 1488 1466 sui
1511 1409 1618 1487 ingenii
1646 1411 1810 1489 impetum,
1831 1423 1872 1476 sni

284 1517 390 1580 [rulant
408 1505 438 1557 in
456 1502 621 1576 eloquendo,
633 1500 816 1573 neutriusque
831 1518 947 1573 oeqnure
967 1500 1060 1554 virtu·
1102 1499 1197 1576 operis
1218 1500 1308 1576 legem
1329 1519 1364 1557 ex
1389 1499 1512 1556 aliorum
1534 1500 1614 1576 poesi
1636 1503 1772 1576 quamvis
1797 1503 1871 1561 telin

288 1608 336 1649 res.
350 1593 405 1668 (Ex
422 1609 547 1667 quorum
566 1586 680 1665 jndicio
696 1587 744 1644 illa
772 1586 878 1663 scripta
899 1598 966 1643 sunt
980 1586 1059 1663 apud
1101 1587 1293 1666 suspendisse.
1305 1587 1367 1646 Alia
1382 1606 1418 1644 ne
1428 1586 1546 1657 addam,
1559 1586 1676 1645 ridetur
1690 1590 1769 1666 apud
1784 1592 1873 1648 arhe-

288 1680 420 1738 Suidam:
430 1674 499 1735 κατδι
512 1673 541 1734 δέ
553 1697 626 1742 τινας
644 1670 790 1753 [τάττεται]
805 1672 850 1731 καί
866 1673 923 1751 μεθ’
935 1671 1059 1733 Ἡσίοδον
1103 1696 1193 1733 areum
1206 1678 1229 1734 Δ
1240 1674 1345 1733 abiisse
1357 1675 1386 1732 in
1400 1678 1436 1734 A:
1450 1695 1513 1733 eam
1524 1676 1636 1733 literam
1646 1675 1753 1736 leniter
1761 1691 1872 1738 vertere

287 1767 332 1826 καὶ
350 1762 527 1845 Ἀντίμαχον.)
546 1768 672 1821 Alteram
700 1778 795 1819 taurea
820 1762 855 1818 ab
872 1783 903 1818 eo
923 1764 1057 1829 materie,
1103 1765 1198 1821 malim
1210 1785 1296 1842 quam
1308 1765 1472 1824 Heracleam
1488 1777 1623 1842 torquere
1635 1765 1834 1827 vehementer.

286 1860 408 1941 alterum
423 1855 598 1929 disponendi
611 1855 719 1908 ratione
734 1853 820 1911 vinci.
833 1851 915 1909 Conl.
931 1850 1059 1909 Naelium
1143 1855 1207 1911 Non
1230 1874 1345 1932 possum
1366 1853 1526 1911 Aristotelis
1545 1853 1581 1911 de
1599 1852 1765 1931 hujusmodi
1785 1877 1871 1934 argu-

288 1945 325 2002 rie
341 1942 468 2002 Choerilo
482 1961 510 2018 p.
535 1942 566 1997 6ι
589 1960 632 2018 sq.
1080 1967 1085 2073 γ

1103 1954 1202 1999 mento
1216 1939 1355 2018 judicium
1374 1942 1520 2019 praeterire
1533 1964 1539 1998 :
1552 1941 1630 2019 quod
1649 1962 1750 2001 rerum
1772 1965 1833 2003 esse
1846 1960 1872 2002 et

1102 2050 1138 2086 cx
1149 2029 1211 2107 ipsa
1226 2049 1345 2107 poeseos
1358 2042 1459 2087 natura
1469 2031 1588 2108 petitum
1599 2043 1717 2089 eventus
1731 2032 1872 2111 hodieque

1102 2115 1214 2195 probat.
1231 2118 1301 2176 Nam
1324 2138 1376 2196 per
1400 2116 1484 2176 omne
1512 2131 1621 2197 tempus
1641 2120 1745 2197 scripta
1763 2135 1872 2179 suntet

328 2030 469 2090 Heraclea
482 2028 652 2104 Panyasidis
666 2046 724 2083 non
740 2038 890 2102 quattuor,
908 2024 957 2083 sed
975 2038 1061 2102 quat-

288 2118 602 2179 tuordecimlibrorum
611 2119 681 2175 fuit:
694 2129 870 2175 memoratur
880 2116 1060 2187 undecimus,
1081 2078 1085 2159 ί

288 2223 316 2267 et
338 2209 498 2286 fragmenta
525 2207 657 2284 quaedam
681 2204 839 2263 ostendunt
860 2225 917 2262 non
940 2205 1061 2281 picturis
1081 2170 1266 2317 {scribuntur
1288 2204 1339 2278 ἔπη
1359 2226 1423 2283 qnae
1443 2206 1624 2285 biographica
1651 2206 1766 2265 dixeris.
1789 2210 1832 2267 Ea
1846 2212 1871 2268 si

288 2297 376 2355 modo
393 2317 476 2367 curn,
498 2296 547 2353 sed
563 2292 747 2353 sermonibus
766 2296 852 2351 etiam
878 2296 1000 2374 heroqm
1016 2314 1061 2352 res
1082 2322 1085 2376 γ
1104 2293 1241 2352 maximos
1258 2294 1373 2372 plausus
1387 2295 1516 2352 retulisse
1532 2306 1686 2366 narrantur,
1700 2295 1756 2353 hoc
1769 2298 1868 2355 credas

288 2399 381 2464 gestas
395 2386 545 2444 animasse.
573 2384 647 2444 Usus
680 2402 742 2441 esse
767 2381 885 2439 videtur
912 2382 968 2439 illis
1001 2382 1061 2440 sere
1082 2378 1085 2420 ί
1103 2382 1224 2455 efficere,
1242 2396 1274 2440 ut
1293 2384 1413 2441 lectores
1429 2403 1493 2441 cum
1521 2382 1703 2442 admiratione
1736 2383 1867 2462 frigeant.

289 2475 438 2546 omnibus,
453 2494 517 2551 quae
534 2484 600 2530 ante
621 2491 686 2528 cum
704 2469 855 2542 Pisander,
869 2469 1061 2541 Stesichorus,
1104 2471 1149 2529 Sic
1163 2471 1251 2549 igitur
1274 2470 1456 2538 Aristoteles,
1480 2474 1585 2531 Poetic.
1600 2494 1626 2530 c.
1641 2473 1657 2529 θ
1670 2494 1676 2528 :
1690 2471 1779 2538 λίῦθός
1800 2466 1869 2532 ἔστιν

288 2567 411 2623 sortasse
426 2563 473 2620 alii
490 2581 607 2639 quoque
628 2572 723 2637 poctae
743 2559 826 2633 lyrici
841 2570 869 2616 ct
888 2559 993 2616 scenici
1015 2559 1060 2616 vel
1103 2550 1153 2633 εἷς,
1168 2561 1231 2638 οὐχ,
1246 2557 1334 2641 ὥσπερ
1350 2558 1416 2625 τινὲς
1429 2558 1542 2633 οίονται,
1554 2557 1599 2618 ἐὰν
1609 2557 1727 2641 περλὲνα
1743 2552 1771 2641 ᾖ
1787 2560 1872 2620 πολλὰ

228 2663 230 2667 ‘
290 2674 366 2711 nora
382 2651 499 2712 Herculi
524 2648 761 2719 tribuerant,vcl
775 2648 869 2705 minus
885 2660 954 2704 nota
967 2668 1002 2705 ex
1015 2648 1060 2706 lo·
1104 2645 1155 2727 γδιρ
1168 2645 1319 2728 καίσίπειρα
1330 2651 1367 2727 τῷ
1379 2644 1418 2705 ἑνί
1436 2645 1586 2725 συμθαίνει·
1612 2646 1639 2717 ἐξ
1659 2638 1696 2707 ὧν
1711 2649 1787 2707 ἐνίων
1800 2649 1871 2708 οὐδέν

288 2762 388 2799 corum
397 2739 512 2815 mythis
527 2740 555 2795 in
570 2739 662 2794 lucem
677 2736 873 2812 protulerant:
886 2756 952 2791 narn
966 2734 1002 2792 de
1018 2756 1063 2793 re-
1104 2738 1173 2793 ἐστιν
1195 2732 1231 2793 ἕν.
1253 2734 1332 2794 Οὕτω
1347 2734 1374 2792 δὲ
1388 2734 1433 2794 καὶ
1447 2733 1552 2815 προίξεις
1569 2734 1626 2803 ἑνθς
1639 2735 1740 2796 πολλαί
1753 2741 1828 2811 εἰσιν,
1847 2738 1872 2807 ἐξ

287 2828 343 2887 bns
357 2826 506 2885 nonnullis
524 2825 632 2882 diserte
645 2823 716 2880 illud
732 2835 875 2881 testantur
889 2823 1061 2900 scriptores;
1103 2815 1139 2881 ὧν
1156 2822 1204 2903 μία
1223 2823 1332 2902 οὐδεμία
1346 2822 1462 2903 γίγνεται
1475 2822 1576 2902 πρᾶξις.
1591 2824 1659 2884 Δι’θ
1675 2823 1774 2893 πάντες
1785 2828 1870 2886 ἐοίκα-

287 2917 324 2975 ad
337 2916 523 2992 antiquorum
535 2913 605 2969 ἐπῶν
617 2909 745 2968 fabulam
762 2931 907 2968 reversum
923 2930 984 2967 esse
999 2930 1060 2967 me-
1104 2935 1144 2969 σιν
1171 2911 1342 2992 ἁμαρτάνειν,
1361 2912 1417 2973 ὅσοι
1438 2917 1490 2972 τῶν
1515 2917 1632 2984 ποιητῶν
1646 2912 1814 2996 Ἱίροικληίθα
1828 2918 1871 2974 καὶ

289 2998 1061 3078 morantnusqnam.lllisenimapudClerncntemhlex.
1104 3001 1228 3072 Θησηΐδα
1252 3001 1297 3059 καί
1327 3000 1360 3059 τθι
1385 3008 1493 3061 τοιαῦτα
1517 3001 1658 3080 ποιήματα
1684 3004 1870 3076 πεποιήκασιν·

287 3092 447 3163 Strom.Vl,
462 3111 490 3168 p.
508 3090 561 3161 751
574 3112 580 3145 :
591 3084 788 3153 Αθτοτελῶςτθι
800 3084 895 3167 ἑτίρονν
909 3084 1062 3163 ὑφελόμενοι
1105 3089 1203 3147 οἴονται
1223 3086 1286 3170 γθιρ,
1309 3088 1365 3148 ἐπεί
1384 3080 1419 3157 εἷς
1434 3081 1466 3162 ἦν
1483 3094 1496 3148 θ
1521 3088 1675 3171 Ἡρακλῆς,
1698 3090 1745 3150 ἕνα
1771 3093 1816 3152 καί
1829 3093 1870 3152 τὸν

287 3185 322 3248 ὡς
342 3179 396 3239 ίδια
414 3177 595 3257 ἐξήνεγκαν
617 3175 719 3255 (quum
741 3176 790 3234 alii
812 3173 883 3249 tum)
897 3171 1032 3241 Πανύασις
1048 3179 1061 3233 θ
1082 3130 1086 3239 ί
1105 3180 1184 3234 μῦθον
1200 3166 1266 3234 εἶναι
1280 3176 1430 3257 προσήκειν.
1446 3175 1480 3237 Ὁ
1492 3175 1519 3235 δὲ
1530 3176 1666 3259 Ὅμηρος,
1679 3178 1771 3261 ὥσπερ
1783 3182 1827 3239 καὶ
1840 3180 1871 3239 τὰ

287 3264 567 3348 Ἁλικαρνασεθςπαρθι
582 3263 793 3346 Κρειιιρθλουζτοθ
807 3260 911 3341 Σαμίου
922 3261 969 3332 τήν
978 3264 1062 3341 Olpa-
1105 3265 1173 3322 rihho
1185 3262 1313 3346 διαφέρει,
1326 3263 1371 3323 καί
1387 3265 1458 3324 τοῦτ’
1476 3264 1544 3325 ἔοικε
1557 3270 1644 3333 καλῶς
1662 3269 1736 3343 ἰδεῖν,
1750 3270 1808 3341 ἤτοι
1830 3268 1870 3327 διδ

286 3359 345 3425 λίας
358 3358 465 3430 ἅλωσιν,
474 3375 559 3412 nemo
570 3355 620 3430 qui
633 3355 715 3411 istam
727 3353 761 3410 de
771 3355 880 3429 plagiis
892 3351 1061 3427 tragoediam
1103 3353 1198 3431 τέχνην
1210 3351 1227 3424 ἢ
1239 3350 1282 3410 διθι
1297 3350 1382 3435 φύσιν.
1395 3353 1550 3413 Ὀδυσσείαν
1562 3353 1612 3434 γλρ
1624 3359 1708 3414 ποιῶν
1723 3358 1770 3414 οὐκ
1782 3356 1869 3427 ἐποίη-

289 3460 377 3504 tntam
406 3443 579 3522 inspexerit,
607 3441 637 3499 id
659 3440 714 3498 sibi
739 3438 907 3517 persuaderi
933 3452 1062 3516 patratur
1083 3450 1086 3467 '
1105 3465 1147 3499 σεν
1161 3438 1267 3526 ἅπαντα
1280 3439 1332 3498 ὅσα
1345 3443 1417 3522 αὐτῷ
1435 3440 1547 3516 συνέὸη,
1565 3433 1618 3501 οἷον
1639 3446 1776 3522 πληγῆναι
1787 3443 1832 3521 μὲν
1844 3447 1868 3502 ἐν

288 3548 319 3591 ut
345 3534 486 3610 Panyasin
505 3533 534 3588 in
558 3551 592 3589 eo
614 3530 679 3587 loco
694 3548 747 3605 per
757 3527 853 3584 omnia
863 3526 1060 3603 Creophylum
1104 3532 1141 3607 τῷ
1168 3531 1317 3608 Παρνασῷ,
1340 3533 1456 3606 μανῆναι
1478 3529 1506 3588 δὲ
1533 3531 1766 3611 προσποιήσασθαι
1784 3535 1809 3589 ἐν
1834 3536 1868 3589 τῶ

287 3623 462 3698 expressisse
484 3620 572 3677 dicat.
600 3620 733 3691 Ceterum
762 3615 847 3673 nimis
880 3615 934 3672 leri
962 3634 1061 3672 caussa
1104 3606 1279 3697 ἀγερμῷ·ὦν
1294 3615 1366 3674 οὐδὲν
1378 3616 1485 3698 θατέρου
1499 3618 1639 3695 γενομένου
1655 3622 1797 3699 ἀναγκαῖον
1808 3612 1867 3690 {pi

287 3721 437 3786 permotus
455 3709 489 3765 Ο.
513 3707 650 3764 hliillerus
665 3705 701 3764 de
719 3704 830 3762 ratione
843 3723 898 3780 qua
916 3717 1001 3780 poeta
1017 3724 1061 3760 res
1103 3704 1170 3770 εἰκὸς
1181 3704 1287 3785 θοίτερον
1300 3704 1434 3782 γενέσθαι·
1449 3704 1517 3764 diii
1533 3705 1593 3787 περὶ
1613 3706 1677 3783 μίαν
1697 3708 1801 3790 πρᾶξιν,
1815 3708 1865 3766 οἷαν

288 3793 593 3854 llcrcnlistractaverit
604 3791 912 3869 hocjudiciumemisit
924 3792 1008 3870 (Dor.
1024 3792 1061 3862 ll,
1102 3792 1223 3872 λέγομεν,
1239 3791 1284 3865 τήν
1301 3793 1456 3853 Ὀδυσσείαν
1473 3793 1639 3865 συνέστησεν.

286 3904 315 3961 p.
329 3882 399 3958 θρα)
411 3905 417 3939 :
430 3908 441 3933 a
453 3880 624 3956 Panyasidis
635 3879 773 3937 Heraclea
786 3880 809 3936 si
821 3878 902 3936 libris
914 3890 1062 3954 quattuor·
1109 3934 1112 3938 ,
1157 3896 1168 3907 ·

286 3973 396 4042 decim,
414 3989 549 4029 versuum
568 3967 695 4026 millibus
710 3985 814 4023 novem
826 3966 1059 4041 comprehende-

285 4062 382 4129 batur,
400 4074 478 4138 gesta
496 4057 645 4136 quaedam,
658 4058 688 4114 in
707 4054 803 4114 medio
820 4055 980 4132 praesertim
996 4075 1060 4111 cnr·
1380 4069 1593 4129 HElthLEh.

287 4151 376 4222 mine,
389 4148 513 4206 maxima
527 4166 593 4205 cum
606 4146 690 4223 copia
702 4158 730 4202 et
740 4145 808 4203 satis
820 4143 933 4221 prolixe
943 4157 1059 4202 narrata

286 4239 498 4296 fnisscnecesse
514 4248 572 4293 est:
585 4254 651 4292 nam
664 4230 755 4299 ἄθλους
769 4253 869 4290 omnes
882 4231 1060 4309 complecte—
1475 4201 1500 4255 ¹·

285 4326 373 4384 batur
394 4324 468 4381 liber
495 4324 617 4401 primns.
641 4322 738 4391 Quare
760 4322 902 4397 Panyasin
928 4319 1059 4379 breviter
1141 4323 1303 4400 Stephanus
1325 4320 1650 4400 1λγκ.;Βεμ6ῐνα,κώμη
1673 4327 1721 4395 τῆς
1732 4322 1864 4401 Νεμέας...

287 4414 418 4472 retulisse
434 4424 583 4489 putoquae
599 4409 635 4468 ab
650 4411 713 4468 aliis
728 4409 788 4487 jam
809 4422 929 4467 tractata
945 4422 1057 4479 essent;
1101 4408 1135 4469 ‘0
1152 4409 1261 4482 πολίτης
1280 4410 1475 4488 Βεμθινίτης...
1489 4408 1563 4492 παρδι
1580 4408 1716 4493 δὲῬιανῷ
1737 4410 1864 4489 Βεμὸινί-

286 4514 314 4559 at
329 4499 439 4558 fabulas
454 4511 519 4556 ante
531 4500 627 4576 ipsum
641 4498 699 4556 lere
708 4498 867 4577 neglectas,
882 4509 914 4554 ut
926 4499 1057 4555 Herculis
1101 4520 1155 4568 της.
1169 4497 1275 4557 Ἔοικεν
1287 4490 1331 4557 οθν
1348 4500 1430 4579 (adde
1441 4502 1475 4566 ὡς
1483 4545 1492 4574 ,
1504 4500 1553 4557 sed
1565 4500 1594 4556 in
1606 4502 1746 4578 exemplis
1760 4519 1865 4580 quoqne

1398 3966 1562 3989 κουο-

317 4700 407 4751 Fabuia
419 4702 457 4749 cst
467 4698 492 4747 in
514 4711 540 4747 se
551 4712 618 4759 nna,
634 4711 683 4745 non
695 4732 702 4757 ,
715 4701 742 4745 ut
754 4697 853 4758 quidam
871 4698 1020 4759 opinantur,
1036 4696 1058 4746 si

285 4773 397 4820 versatur
409 4769 474 4817 circa
490 4768 614 4816 hominem
636 4780 711 4815 unuin
725 4786 729 4812 :
744 4766 820 4814 multa
838 4766 903 4813 enim
924 4769 949 4815 et
963 4764 1057 4814 infinita

287 4842 330 4892 uni
340 4840 469 4901 accidunt,
482 4852 513 4888 er
525 4850 630 4900 quornm
640 4836 789 4899 quibusdam
804 4836 863 4884 nihil
873 4835 900 4884 ht
917 4848 1002 4884 unum.
1016 4836 1057 4885 sic

286 4914 360 4961 otiam
377 4910 485 4961 actiones
498 4910 569 4957 unius
585 4907 669 4956 multae
690 4910 759 4966 sunt,
772 4919 802 4954 ex
816 4906 906 4967 quibus
928 4920 976 4954 nna
990 4905 1057 4954 nulla

287 4982 313 5029 tit
324 4982 395 5030 actio.
407 4984 487 5038 Quare
497 4991 581 5028 omncs
594 4978 709 5026 ridentur
719 4989 807 5035 errare,
819 4976 965 5038 quicumque
976 4980 1056 5038 poeta·
1407 5031 1552 5054 m...-

288 5064 342 5098 rum
358 5050 525 5099 Heracleidem
538 5053 562 5097 ct
573 5048 717 5097 Theseidem
732 5051 756 5096 et
775 5046 862 5095 similia
875 5050 985 5109 poemata
996 5046 1056 5094 fece
1613 5090 1616 5095 ,

288 5123 351 5166 runt.
366 5122 457 5168 Putant
474 5119 555 5177 enim,
566 5117 681 5180 quoniam
696 5129 760 5165 nnus
773 5116 821 5166 suit
834 5114 964 5176 Hercules,
979 5128 1054 5163 anain
1379 5121 1593 5183 HERACLEA·

287 5189 360 5236 etiam
375 5203 427 5238 esse
437 5188 544 5236 tabulam
557 5188 652 5237 debere.
666 5190 787 5236 Homerus
800 5200 866 5244 vero,
880 5184 952 5233 sicuti
966 5184 1055 5234 ceteris

288 5259 312 5305 in
320 5256 498 5317 rebuseminet,
510 5258 544 5306 ita
552 5258 598 5306 hoc
608 5270 706 5320 qnoque
717 5257 812 5305 ridetur
824 5258 887 5304 recte
896 5254 1056 5317 perspexisse,
1471 5249 1497 5295 l·

1106 4700 1226 4747 Parnasso
1239 4701 1391 4750 vulneratum
1404 4713 1464 4760 esse,
1477 4703 1502 4749 et
1513 4698 1634 4748 insaniam
1651 4699 1817 4749 simulassein
1830 4697 1859 4746 de

1101 4769 1187 4828 lectu;
1201 4784 1306 4833 quorum
1323 4776 1449 4829 neutrum,
1465 4769 1486 4820 si
1502 4768 1606 4819 alterum
1622 4770 1716 4820 lactum
1728 4773 1806 4830 esset,
1818 4768 1863 4816 fieri

1101 4842 1264 4890 necessarium
1281 4846 1324 4891 aut
1339 4841 1471 4891 verisimile
1495 4844 1547 4890 erat
1562 4855 1568 4888 :
1584 4839 1627 4890 sed
1644 4839 1677 4891 de
1690 4854 1741 4891 nna
1750 4876 1760 4903 ,
1777 4838 1865 4903 qualem

1075 4904 1079 4929 '
1100 4912 1218 4975 diximus,
1229 4912 1324 4963 actione
1333 4911 1467 4975 Odyssean
1479 4911 1625 4975 composuit.

287 5328 341 5375 sire
355 5328 412 5377 artis
429 5340 472 5376 sou
489 5331 583 5377 natura·¹
606 5328 730 5377 beneficio.
747 5327 882 5386 odysseam
898 5324 963 5373 enim
975 5338 1054 5387 quum

286 5392 385 5454 iaceret,
402 5411 451 5448 nou
463 5398 585 5447 enarravit
597 5398 679 5447 omnia
694 5410 749 5459 qnae
766 5395 799 5444 itti
811 5395 966 5456 acciderunt,
983 5400 1011 5445 ut
1027 5396 1052 5446 in

1131 5322 1257 5383 Benihiua,
1273 5321 1342 5372 ricus
1353 5324 1498 5371 Κινησία...
1510 5319 1580 5382 cujus
1596 5318 1734 5382 oppidanus
1750 5313 1862 5369 Bembini·

1100 5399 1137 5445 tes
1140 5427 1185 5443 .....
1201 5392 1272 5456 Apud
1284 5393 1407 5443 Rhianum
1421 5406 1479 5442 roro
1494 5390 1662 5454 Bembiaates,
1673 5392 1701 5441 ut
1714 5388 1863 5454 nantes
