4042 6067
223 504 258 555 ta
749 476 984 567 ,Anrtnntttt
1005 476 1256 538 FRAGMENTA.

566 608 641 668 LXI,
1035 611 1119 665 libros
1144 612 1377 679 obsceriisr'rrros,
1410 614 1610 669 Antr'rrurclurm
1640 614 1806 686 imitando,

257 702 353 764 Schol.
368 699 485 758 llomeri
502 698 531 757 ll.
549 699 587 769 Γ,
607 706 674 767 ν44,
691 693 818 775 Κλυμένη
833 695 860 754 δὲ
876 698 986 774 βοῶπις,
1032 700 1153 772 scripsit.
1172 699 1263 769 Quam
1282 699 1469 757 imitationem
1486 699 1516 757 in
1537 722 1596 759 uno
1614 702 1731 760 dicendi
1750 723 1803 781 gc·

219 792 334 852 Helenae
357 786 502 867 ἀμφίπολος
524 807 530 841 ;
549 782 705 862 Ἀντίμαχος
727 782 754 842 δέ
772 781 819 855 τὴν
847 782 987 862 Κλυμένην
1034 805 1102 843 nere
1117 786 1277 843 constitisse
1295 806 1353 842 non
1373 799 1415 844 cst
1430 786 1568 846 credibile
1585 809 1592 844 :
1612 788 1671 846 imo
1684 809 1806 867 prorsus

219 877 365 939 Ἱππάλκου
393 869 523 954 θυγατέρα
540 862 606 930 εἶναί
629 895 716 952 φησιν.
742 872 827 941 Quod
852 872 882 930 in
907 872 988 948 Lyde
1034 894 1091 931 non
1107 873 1209 932 dubito
1224 874 1294 952 quin
1310 875 1469 953 imperator
1482 876 1568 934 etiam
1584 876 1613 934 in
1630 890 1804 955 argumento

220 970 326 1026 lactum
345 985 405 1024 esse
421 976 511 1042 puto,
527 962 555 1019 in
573 983 629 1038 qna
645 962 846 1019 Antimachum
863 980 909 1019 res
929 963 987 1020 tte-
1034 977 1062 1022 et
1076 964 1265 1041 inscriptione
1285 966 1381 1042 operis
1398 964 1611 1041 Colophonium
1631 980 1748 1043 poetam
1769 969 1806 1025 sit

219 1057 290 1113 lenae
306 1054 415 1112 siluisse
431 1072 489 1109 non
509 1064 551 1108 est
568 1049 727 1127 probabile.
1034 1054 1229 1113 secutuslam
1243 1073 1314 1111 vcro
1325 1053 1407 1111 sacile
1417 1052 1538 1130 quilibet
1552 1054 1697 1132 intelligit,
1710 1076 1806 1133 neque

259 1153 302 1211 Ex
324 1150 441 1210 incertis
456 1148 620 1227 fragmentis
646 1147 682 1205 nd
706 1147 815 1224 tyriam
844 1147 989 1225 pertinere
1035 1140 1071 1197 de
1082 1139 1230 1199 Thebaide
1243 1161 1337 1219 neque
1353 1141 1389 1199 de
1405 1141 1484 1217 Lyde
1499 1142 1619 1220 cogitari
1634 1163 1727 1220 posse.
1740 1145 1806 1221 ipsa

218 1254 338 1320 possunt
357 1241 403 1316 755
422 1261 469 1316 79,
486 1241 533 1310 35,
555 1239 608 1296 105
627 1235 989 1314 3t109‚ubivideann0.
1035 1241 1131 1287 aretem
1149 1230 1296 1289 literarum
1312 1231 1430 1308 vestigia
1451 1244 1646 1301 caramerum,
1669 1246 1808 1288 catacen-

218 1343 284 1389 [Μ
1035 1338 1100 1387 aas,
1111 1330 1175 1390 etc,
1186 1331 1286 1397 aperte
1298 1319 1427 1397 produnt
1443 1319 1628 1397 spartianum
1639 1320 1788 1397 scripsisse
1800 1343 1807 1376 :

512 1443 706 1470 400-

528 1535 677 1593 aaaron.

518 1682 598 1742 txn
622 1680 690 1758 (ta)-

259 1783 412 1842 Athenaeus
428 1781 494 1851 vlt,
510 1800 537 1856 p.
552 1782 625 1851 300,
642 1781 688 1837 D:
706 1776 759 1836 Kal
775 1776 835 1857 περὶ
849 1776 892 1835 τὸν
903 1773 990 1834 Εὐλέα

217 1869 336 1948 ποταμὸν
353 1870 423 1945 (esse
437 1867 605 1944 anguillas),
620 1859 648 1924 οὗ
664 1863 822 1944 μνημονεύει
834 1865 990 1942 Ἀντίμαχος

219 1962 245 2018 ir
259 1966 315 2023 ταῖς
330 1954 551 2037 ἐπιγραφομέναις
569 1955 675 2020 delecte
690 1952 785 2019 οίίτονς·

298 2076 400 2137 Ἐλθὼν
417 2076 528 2142 Εὗλείας
544 2074 629 2155 πηγὰς
645 2074 688 2134 έπι
703 2075 841 2145 δινήεντος.

219 2204 250 2260 ln
270 2200 365 2258 verbis
385 2198 514 2257 Athenaei
537 2198 621 2256 codd.
639 2195 749 2271 εὐκλέα,
766 2198 845 2275 quod
864 2199 990 2256 correxit

219 2289 491 2364 Schweighaeserus3
509 2288 539 2344 in
558 2287 658 2364 lragm.
682 2288 842 2345 lllarcianus
859 2301 887 2344 et
903 2288 988 2346 haur.

220 2392 313 2449 recte,
329 2377 416 2455 vulgo
435 2374 560 2441 εὐκλείας.
576 2376 596 2433 F
600 2375 692 2433 larius
709 2376 832 2452 ignotus.
849 2375 990 2453 Schweig-

219 2467 365 2524 haenserus
390 2465 527 2542 cogitavit
550 2463 586 2522 de
605 2463 705 2522 Eulaeo
722 2461 871 2542 (Εὐλαίῳ),
890 2462 989 2520 Mediae

219 2555 381 2632 Persiaeque
399 2553 496 2610 iltrvio.

260 2643 395 2703 Dubitari
415 2654 510 2719 potest
524 2640 561 2698 ab
577 2640 786 2699 Antitnachone
807 2641 870 2718 ipso
887 2640 989 2698 inscri-

219 2745 300 2808 ptum
319 2729 449 2789 illi-libro
460 2729 547 2787 luerit
558 2727 668 2800 ΔεἈτοι,
679 2731 851 2806 Pugillares,
865 2749 900 2786 an
910 2727 989 2787 abeo

218 2820 268 2896 qui
286 2820 391 2897 scripta
409 2830 502 2895 poetae
517 2818 634 2896 collegit
651 2814 799 2898 (συνεἈεξει
814 2838 839 2875 r.
857 2837 943 2895 supra
959 2838 988 2895 p.

219 2906 280 2986 ομ),
292 2908 435 2985 congestis
452 2907 492 2964 ihi
509 2928 573 2985 quae
588 2928 644 2965 non
664 2906 741 2965 editu
757 2907 784 2962 in
800 2904 989 2983 pugillaribus

218 2996 280 3074 rjus
313 2996 474 3053 invenisset.
510 2996 609 3072 Neque
637 3008 806 3072 argumenta
840 3014 988 3072 superesse

218 3085 353 3143 ridentur
378 3083 484 3160 quibus
515 3095 665 3160 permotus
695 3081 723 3138 in
752 3081 870 3139 alteram
896 3093 988 3138 utram

217 3186 327 3250 partem
343 3172 432 3251 magis
442 3171 571 3229 inclines.
585 3168 718 3229 Conserri
731 3170 838 3247 poterit
848 3170 987 3248 scriptum

217 3261 384 3319 Callimachi
399 3262 421 3319 Γ
423 3268 527 3342 ραμεῖον
541 3260 663 3329 dictum,
679 3257 761 3335 cujus
776 3258 906 3316 notitiam
923 3279 988 3316 cum

217 3349 378 3427 fragmento
401 3350 512 3426 aliquot
541 3368 678 3407 verstutm
704 3366 800 3423 nuper
826 3367 860 3404 ex
888 3347 988 3404 codice

217 3437 396 3498 erueremini
408 3438 538 3516 contigit,
554 3435 730 3515 Καλλίμαχος
743 3437 770 3493 ἐν
784 3437 821 3514 τῷ
834 3434 987 3516 καλουμένῳ

215 3524 317 3606 γραφίιμ
333 3525 405 3603 (sic).

518 3647 683 3671 -αοοοο-

490 3743 711 3802 KATAXHNH.

255 3865 297 3922 De
316 3862 372 3920 hoc
389 3863 497 3940 scripto
516 3863 665 3920 Theodori
684 3863 798 3940 llergkii
816 3877 858 3921 est
880 3864 985 3921 disser-

215 3954 303 4023 tatio,
320 3952 349 4009 in
370 3950 596 4011 Zimurermanni
621 3952 782 4007 Zeitsclrrit
794 3952 822 4021 fi
844 3955 872 4012 d,
893 3957 987 4009 Alter-

213 4044 344 4100 tlrumsrr.
370 4041 461 4113 1835,
483 4061 511 4097 n.
538 4042 592 4111 37,
624 4061 651 4117 p.
673 4043 728 4098 300
747 4059 807 4117 sq,
824 4060 910 4116 qnam
934 4061 984 4119 ap-

214 4131 349 4208 ponimus
372 4129 643 4206 compendilactarn.
737 4201 743 4210 Ι

253 4245 263 4269 n
278 4218 447 4296 Spartianus
462 4217 492 4274 in
509 4218 573 4281 vus
592 4217 729 4275 Hadriani
744 4236 809 4294 cap.
823 4218 986 4276 15:Fanrre

213 4309 328 4363 celebris
352 4321 409 4362 tarn
430 4309 549 4381 cupidus
559 4304 639 4381 soit,
666 4321 697 4363 ut
720 4308 804 4363 libros
828 4310 898 4363 vilre
924 4330 986 4365 srroe

212 4398 333 4469 scriptos
347 4417 365 4451 a
377 4416 407 4451 se
419 4398 526 4452 libertis
542 4398 601 4452 suis
613 4398 738 4451 literatis
748 4398 872 4466 dederit,
878 4396 985 4468 J'rrbcrrs

213 4495 244 4538 rrt
256 4503 304 4538 eos
313 4491 370 4539 suis
382 4486 542 4539 nonn'niam
551 4485 749 4559 prrblirarerrl:
763 4504 831 4539 rrum
845 4486 986 4560 Phlegon-

212 4574 249 4627 tis
276 4570 341 4627 libri
369 4575 511 4628 Hadriani
538 4593 599 4628 csse
622 4575 763 4629 dicuutur.
798 4573 984 4629 carantanos

216 4714 416 4724 ——ma

243 4869 377 4932 Clymenen
387 4867 497 4928 (Helenae
509 4799 637 4931 lamulahl)
649 4867 759 4931 Hippalci
777 4868 849 4917 liliam
861 4881 915 4918 esse
924 4868 984 4918 dicit

213 4938 380 4991 Antimachus.

523 5016 680 5039 ⁴000*-

473 5071 722 5131 PUGILLARES.

248 5234 327 5292 Euleae
339 5235 404 5282 ssusii
418 5236 529 5285 meminit
547 5168 705 5284 Aritimachus
725 5236 749 5285 in
762 5235 823 5286 libro
843 5238 886 5300 qui
899 5238 982 5288 luseri-

215 5302 280 5355 bitnr
292 5304 437 5366 Prroillarcs
451 5320 459 5351 :

1036 1432 1048 1456 a
1062 1408 1253 1481 corneliense,
1262 1406 1351 1465 libros
1362 1406 1589 1478 obscurissimos,
1601 1408 1807 1466 Antimachum

1036 1496 1177 1554 imitando
1194 1498 1338 1576 scripsit.»
1361 1499 1526 1557 institutum
1544 1498 1633 1576 igitur
1646 1498 1753 1555 horum
1773 1498 1808 1555 li-

1036 1583 1156 1642 brorum
1179 1586 1234 1644 fnit
1249 1579 1376 1644 irrisioni
1394 1599 1480 1664 atque
1502 1584 1806 1664 objurgationiapta-

1039 1686 1098 1730 tum
1112 1697 1119 1731 ι
1132 1673 1161 1731 id
1174 1674 1251 1731 enirn
1261 1674 1402 1753 significat
1414 1673 1561 1754 καταχήνη.
1611 1675 1808 1753 [V.Thesnnr.

1037 1761 1163 1839 llStrph.
1184 1781 1206 1820 s.
1223 1782 1257 1821 ea
1275 1762 1316 1841 v.]
1341 1765 1478 1841 Superest
1507 1762 1597 1833 illud,
1621 1775 1654 1819 ut
1683 1762 1811 1821 demon-

1036 1861 1128 1907 strare
1141 1870 1230 1908 coner
1244 1854 1328 1909 etiam
1344 1852 1547 1910 Antimachum
1568 1850 1659 1909 libros
1677 1865 1705 1908 ct
1721 1871 1811 1928 argu-

1037 1954 1133 1999 mento
1151 1954 1179 1999 et
1198 1942 1280 1999 tilulo
1295 1943 1401 2001 similes
1419 1943 1550 2001 edidisse.
1567 1947 1608 1999 Ac
1621 1942 1723 1999 videor
1739 1942 1811 1999 urihi

1039 2030 1180 2107 reperisse
1195 2030 1281 2107 lnrjus
1297 2032 1336 2088 rei
1355 2052 1412 2088 non
1429 2029 1552 2089 obscura
1569 2030 1697 2108 vestigia.

1328 2154 1423 2213 nnn
1445 2151 1513 2232 (σο).

1077 2266 1108 2322 ln
1128 2265 1253 2341 Etymol.
1268 2266 1344 2324 enim
1363 2267 1400 2324 Μ.
1420 2287 1449 2344 p.
1469 2276 1502 2337 l,
1524 2287 1557 2339 7,
1573 2266 1634 2323 haec
1649 2266 1811 2342 leguntur:

1036 2350 1185 2434 Ἀίολήτυιρ
1234 2350 1389 2431 Ἀντίμαχος
1404 2352 1515 2432 Ἰαχίνῃ·
1531 2352 1602 2412 «Tol
1617 2353 1640 2411 δ’
1649 2352 1689 2434 ἄρ’
1702 2354 1727 2410 οἳ
1742 2352 1812 2412 uilio·

1036 2439 1142 2522 λήτομες
1159 2440 1248 2522 ἄνδρες
1264 2438 1349 2499 ἔασιν·
1361 2469 1371 2491 υ
1382 2440 1438 2499 ἀντὶ
1450 2449 1495 2500 τοῦ
1507 2439 1655 2522 μάρτυρες,
1673 2443 1809 2512 συνηλλα-

1036 2528 1111 2607 [desc
1123 2527 1170 2589 καί
1185 2529 1363 2609 συντυχόντες.
1378 2528 1457 2589 Οὕτω
1470 2531 1564 2590 Φίλων
1577 2533 1614 2599 εἷς
1627 2527 1660 2587 τὰ
1675 2529 1809 2612 ῥηματικὰ

1037 2621 1123 2679 αὐτοῦ.
1141 2620 1212 2690 Qnae
1229 2619 1286 2677 hoc
1303 2620 1389 2677 modo
1405 2621 1552 2700 corrigere
1569 2621 1691 2678 tentarit
1711 2620 1810 2678 Blom-

1038 2707 1138 2765 ficldus
1153 2728 1161 2765 s
1179 2704 1348 2787 Ἀντίμαχος·
1367 2705 1480 2787 Ἰαίχοντι
1502 2707 1525 2765 δ’
1543 2706 1584 2787 ἄρ’
1608 2709 1632 2765 οἱ
1651 2706 1809 2787 ἀὸολήτορες

1037 2795 1127 2877 ἄνδρες
1141 2793 1231 2856 ἔασιν·
1245 2816 1310 2874 quae
1324 2796 1490 2874 conjectura
1503 2818 1563 2855 non
1580 2816 1666 2854 unam
1682 2794 1721 2852 ob
1738 2816 1807 2854 can-

1036 2906 1095 2943 sarn
1117 2884 1312 2964 improbanda
1326 2899 1369 2944 est
1382 2886 1404 2945 *.
1421 2887 1516 2946 Credo
1535 2906 1654 2944 menon
1674 2883 1806 2942 aberrare

1036 2995 1052 3031 a
1070 2995 1155 3047 vero,
1171 2974 1195 3033 si
1211 2974 1251 3032 ita
1270 2975 1369 3052 potius
1387 2976 1550 3053 corrigam:
1571 2974 1729 3053 Ἀντίμαχος
1750 2976 1805 3033 Κα-

1035 3063 1153 3142 ταχήνῃ·

1116 3212 1165 3273 Τοὶ
1180 3215 1202 3273 δ’
1218 3214 1269 3286 cipe
1286 3216 1310 3272 οἱ
1326 3213 1482 3293 ἇὸολήτορες
1498 3213 1588 3294 ἄνδρες
1606 3213 1689 3273 ἔασιν.

1077 3362 1265 3421 Antimachus
1281 3375 1376 3419 utrum
1388 3382 1477 3419 unum
1492 3382 1528 3419 an
1543 3362 1643 3440 plures
1656 3359 1743 3417 libros
1761 3362 1796 3417 sic

1036 3451 1235 3529 inscripserit,
1258 3472 1316 3508 non
1346 3450 1468 3509 audeam
1500 3450 1687 3508 decernere:
1715 3449 1798 3526 potuit

1035 3541 1111 3598 enim
1131 3540 1186 3598 hac
1205 3539 1233 3597 in
1253 3560 1285 3599 re
1303 3539 1466 3599 lladrianus
1483 3561 1499 3597 a
1519 3538 1705 3616 Colophonio
1720 3549 1795 3614 pocta

1035 3630 1182 3687 recedere.
1197 3631 1278 3688 Hanc
1298 3649 1389 3687 meam
1407 3629 1603 3705 conjecturam
1621 3627 1674 3683 alia
1690 3644 1796 3703 quoqne

1034 3718 1207 3775 confirmare
1224 3717 1383 3774 videntur:
1401 3728 1470 3773 sunt
1486 3715 1563 3773 enim
1581 3713 1712 3791 quaedam
1729 3714 1796 3769 inter

1035 3806 1172 3883 reliquias
1192 3805 1374 3877 Antimachi,
1392 3824 1456 3882 quae
1474 3823 1570 3880 neque
1593 3804 1621 3859 iu
1637 3799 1795 3869 Thebaide,

1033 3914 1128 3973 neque
1152 3894 1181 3950 in
1206 3893 1284 3969 Lyde
1310 3894 1406 3951 locum
1428 3891 1614 3950 commodum
1643 3902 1737 3949 tenere
1758 3887 1795 3944 ri·

1034 3981 1167 4039 deantur.
1185 3981 1258 4040 Vide
1270 3982 1346 4039 enim
1365 3982 1435 4039 illud
1448 3979 1528 4058 quod
1543 3979 1723 4037 llcrodianus
1738 3975 1794 4034 Phi·

1034 4069 1081 4126 let.
1103 4089 1131 4145 p.
1150 4072 1206 4143 439
1221 4068 1290 4146 (398
1304 4069 1396 4147 Lips.)
1407 4069 1535 4127 Moeridis
1556 4068 1647 4126 Picrs.
1663 4087 1699 4125 ex
1718 4064 1793 4124 Anti-

1033 4158 1137 4215 macho
1154 4157 1282 4234 profert:

1062 4339 1075 4364 *
1092 4336 1152 4387 Mihi
1164 4351 1262 4400 qnoque
1273 4338 1455 4402 improbabatur
1465 4338 1504 4387 illa
1518 4339 1658 4402 conjectura
1673 4337 1698 4387 in
1710 4335 1793 4401 prata

1031 4408 1061 4458 ad
1070 4409 1174 4458 Statium
1181 4408 1555 4471 collectionisl’ancltonckianae,
1564 4425 1588 4474 p.
1600 4412 1644 4471 Vl,
1655 4408 1697 4458 ubi
1709 4408 1796 4463 metius.

1030 4483 1125 4546 opinor,
1136 4482 1260 4533 tentabam
1272 4497 1278 4531 :
1295 4482 1447 4546 Ἀντίμαχος·

1093 4590 1205 4655 Ἰναχίδαι
1222 4592 1242 4640 δ’
1258 4590 1303 4657 ἅμα
1318 4593 1341 4640 ol
1356 4590 1494 4655 ἁὸολήτομες
1509 4590 1587 4655 ἄνδρες
1604 4592 1693 4683 ἔασιν..

728 4719 792 4726 --
797 4720 812 4726 .-
818 4719 849 4725 ⁴...
853 4719 1093 4729 ——m
1102 4722 1155 4731 -.

1064 4794 1156 4863 Quum
1170 4792 1291 4848 venisset
1307 4792 1340 4847 ad
1353 4791 1445 4846 Euleae
1460 4789 1551 4847 sontes
1567 4788 1710 4847 vorticosi.

1327 4936 1489 4959 ⁴000.—

1293 5039 1535 5101 CATACHENE.

1388 5189 1437 5241 68.

1062 5297 1097 5352 Hi
1109 5297 1199 5352 autem
1210 5299 1274 5352 sunl
1291 5294 1327 5351 illi
1339 5297 1423 5349 testes
1435 5297 1469 5367 (us.
1485 5290 1687 5357 conciliatores)
1699 5287 1764 5343 nri.
