<?xml version="1.0" encoding="UTF-8"?>
<!DOCTYPE html PUBLIC "-//W3C//DTD XHTML 1.0 Transitional//EN"
    "http://www.w3.org/TR/xhtml1/DTD/xhtml1-transitional.dtd">
<html xmlns="http://www.w3.org/1999/xhtml" xml:lang="en" lang="en">
 <head>
  <title>
</title>
<meta http-equiv="Content-Type" content="text/html;charset=utf-8" />
  <meta name='ocr-system' content='tesseract 3.04.00' />
  <meta name='ocr-capabilities' content='ocr_page ocr_carea ocr_par ocr_line ocrx_word'/>
</head>
<body>
  <div class='ocr_page' id='page_1' title='image "./hesiodicarmina01hesigoog/hesiodicarmina01hesigoog_0011.png"; bbox 0 0 4042 6067; ppageno 0'>
   <div class='ocr_carea' id='block_1_1' title="bbox 684 740 1201 879">
    <p class='ocr_par' dir='ltr' id='par_1_1' title="bbox 684 740 1201 879">
     <span class='ocr_line' id='line_1_1' title="bbox 684 740 1201 879; baseline -0.008 0"><span class='ocrx_word' id='word_1_1' title='bbox 684 740 1201 879; x_wconf 81' lang='lat' dir='ltr'><strong>PRAEFATIO.</strong></span> 
     </span>
    </p>
   </div>
   <div class='ocr_carea' id='block_1_2' title="bbox 278 1391 1630 4716">
    <p class='ocr_par' dir='ltr' id='par_1_2' title="bbox 278 1391 1627 3576">
     <span class='ocr_line' id='line_1_2' title="bbox 329 1391 1618 1495; baseline -0.001 -24"><span class='ocrx_word' id='word_1_2' title='bbox 329 1407 367 1471; x_wconf 76' lang='lat' dir='ltr'>ln</span> <span class='ocrx_word' id='word_1_3' title='bbox 388 1401 459 1470; x_wconf 87' lang='lat' dir='ltr'>boc</span> <span class='ocrx_word' id='word_1_4' title='bbox 483 1412 621 1495; x_wconf 91' lang='lat' dir='ltr'>septem</span> <span class='ocrx_word' id='word_1_5' title='bbox 647 1409 838 1491; x_wconf 88' lang='lat' dir='ltr'>poetarum</span> <span class='ocrx_word' id='word_1_6' title='bbox 861 1416 1014 1489; x_wconf 86' lang='lat' dir='ltr'>corpore</span> <span class='ocrx_word' id='word_1_7' title='bbox 1039 1391 1199 1462; x_wconf 87' lang='lat' dir='ltr'>Hesiodo</span> <span class='ocrx_word' id='word_1_8' title='bbox 1223 1392 1459 1488; x_wconf 79' lang='lat' dir='ltr'>Apollonium</span> <span class='ocrx_word' id='word_1_9' title='bbox 1475 1421 1517 1467; x_wconf 90' lang='lat' dir='ltr'>ac</span> <span class='ocrx_word' id='word_1_10' title='bbox 1539 1401 1618 1471; x_wconf 90' lang='lat' dir='ltr'>Mu·</span> 
     </span>
     <span class='ocr_line' id='line_1_3' title="bbox 278 1515 1618 1614; baseline -0.004 -16"><span class='ocrx_word' id='word_1_11' title='bbox 278 1551 391 1599; x_wconf 83' lang='lat' dir='ltr'>saeum</span> <span class='ocrx_word' id='word_1_12' title='bbox 413 1521 688 1605; x_wconf 87' lang='lat' dir='ltr'>subiunximus,</span> <span class='ocrx_word' id='word_1_13' title='bbox 707 1543 751 1588; x_wconf 93' lang='lat' dir='ltr'>ne</span> <span class='ocrx_word' id='word_1_14' title='bbox 768 1517 993 1614; x_wconf 86' lang='lat' dir='ltr'>reliquorum</span> <span class='ocrx_word' id='word_1_15' title='bbox 1011 1531 1189 1611; x_wconf 89' lang='lat' dir='ltr'>quatuor,</span> <span class='ocrx_word' id='word_1_16' title='bbox 1207 1517 1271 1612; x_wconf 90' lang='lat' dir='ltr'>qui</span> <span class='ocrx_word' id='word_1_17' title='bbox 1292 1515 1338 1587; x_wconf 96' lang='lat' dir='ltr'>de</span> <span class='ocrx_word' id='word_1_18' title='bbox 1360 1516 1469 1589; x_wconf 83' lang='lat' dir='ltr'>rebus</span> <span class='ocrx_word' id='word_1_19' title='bbox 1479 1522 1618 1594; x_wconf 87' lang='lat' dir='ltr'>Troicis</span> 
     </span>
     <span class='ocr_line' id='line_1_4' title="bbox 279 1641 1620 1740; baseline -0.004 -15"><span class='ocrx_word' id='word_1_20' title='bbox 279 1669 367 1725; x_wconf 86' lang='lat' dir='ltr'>sunt</span> <span class='ocrx_word' id='word_1_21' title='bbox 382 1674 524 1737; x_wconf 87' lang='lat' dir='ltr'>omnes,</span> <span class='ocrx_word' id='word_1_22' title='bbox 547 1649 832 1740; x_wconf 88' lang='lat' dir='ltr'>interrumpatur</span> <span class='ocrx_word' id='word_1_23' title='bbox 848 1641 951 1713; x_wconf 88' lang='lat' dir='ltr'>ordo.</span> <span class='ocrx_word' id='word_1_24' title='bbox 983 1641 1133 1728; x_wconf 85' lang='lat' dir='ltr'>Critica,</span> <span class='ocrx_word' id='word_1_25' title='bbox 1153 1666 1263 1737; x_wconf 90' lang='lat' dir='ltr'>quam</span> <span class='ocrx_word' id='word_1_26' title='bbox 1277 1656 1427 1732; x_wconf 85' lang='lat' dir='ltr'>vocant,</span> <span class='ocrx_word' id='word_1_27' title='bbox 1454 1644 1620 1720; x_wconf 87' lang='lat' dir='ltr'>adhibita</span> 
     </span>
     <span class='ocr_line' id='line_1_5' title="bbox 279 1762 1619 1849; baseline -0.006 0"><span class='ocrx_word' id='word_1_28' title='bbox 279 1793 356 1849; x_wconf 85' lang='lat' dir='ltr'>arte</span> <span class='ocrx_word' id='word_1_29' title='bbox 375 1799 486 1845; x_wconf 83' lang='lat' dir='ltr'>novas</span> <span class='ocrx_word' id='word_1_30' title='bbox 507 1771 641 1841; x_wconf 91' lang='lat' dir='ltr'>horum</span> <span class='ocrx_word' id='word_1_31' title='bbox 664 1782 854 1838; x_wconf 85' lang='lat' dir='ltr'>auctorum</span> <span class='ocrx_word' id='word_1_32' title='bbox 874 1764 1107 1836; x_wconf 78' lang='lat' dir='ltr'>recensiones</span> <span class='ocrx_word' id='word_1_33' title='bbox 1125 1762 1325 1834; x_wconf 79' lang='lat' dir='ltr'>exhibendi</span> <span class='ocrx_word' id='word_1_34' title='bbox 1339 1764 1489 1837; x_wconf 82' lang='lat' dir='ltr'>sortasse</span> <span class='ocrx_word' id='word_1_35' title='bbox 1509 1794 1555 1840; x_wconf 90' lang='lat' dir='ltr'>ne</span> <span class='ocrx_word' id='word_1_36' title='bbox 1570 1770 1619 1841; x_wconf 88' lang='lat' dir='ltr'>la·</span> 
     </span>
     <span class='ocr_line' id='line_1_6' title="bbox 281 1874 1620 1995; baseline -0.004 -24"><span class='ocrx_word' id='word_1_37' title='bbox 281 1901 396 1971; x_wconf 87' lang='lat' dir='ltr'>cultas</span> <span class='ocrx_word' id='word_1_38' title='bbox 416 1895 566 1995; x_wconf 89' lang='lat' dir='ltr'>quidem</span> <span class='ocrx_word' id='word_1_39' title='bbox 587 1894 730 1980; x_wconf 86' lang='lat' dir='ltr'>suisset,</span> <span class='ocrx_word' id='word_1_40' title='bbox 749 1874 943 1961; x_wconf 87' lang='lat' dir='ltr'>consilium</span> <span class='ocrx_word' id='word_1_41' title='bbox 968 1902 1065 1958; x_wconf 88' lang='lat' dir='ltr'>certe</span> <span class='ocrx_word' id='word_1_42' title='bbox 1085 1912 1159 1957; x_wconf 92' lang='lat' dir='ltr'>non</span> <span class='ocrx_word' id='word_1_43' title='bbox 1182 1903 1269 1957; x_wconf 85' lang='lat' dir='ltr'>erat.</span> <span class='ocrx_word' id='word_1_44' title='bbox 1308 1887 1477 1983; x_wconf 80' lang='lat' dir='ltr'>Religiosi</span> <span class='ocrx_word' id='word_1_45' title='bbox 1499 1908 1620 1966; x_wconf 90' lang='lat' dir='ltr'>autem</span> 
     </span>
     <span class='ocr_line' id='line_1_7' title="bbox 281 2013 1620 2117; baseline -0.004 -22"><span class='ocrx_word' id='word_1_46' title='bbox 281 2023 433 2095; x_wconf 79' lang='lat' dir='ltr'>editoris</span> <span class='ocrx_word' id='word_1_47' title='bbox 453 2044 531 2091; x_wconf 92' lang='lat' dir='ltr'>esse</span> <span class='ocrx_word' id='word_1_48' title='bbox 547 2018 774 2117; x_wconf 79' lang='lat' dir='ltr'>putarimus,</span> <span class='ocrx_word' id='word_1_49' title='bbox 803 2015 840 2083; x_wconf 93' lang='lat' dir='ltr'>in</span> <span class='ocrx_word' id='word_1_50' title='bbox 864 2037 972 2082; x_wconf 89' lang='lat' dir='ltr'>usum</span> <span class='ocrx_word' id='word_1_51' title='bbox 989 2036 1098 2082; x_wconf 90' lang='lat' dir='ltr'>suum</span> <span class='ocrx_word' id='word_1_52' title='bbox 1118 2026 1346 2101; x_wconf 82' lang='lat' dir='ltr'>convertere,</span> <span class='ocrx_word' id='word_1_53' title='bbox 1369 2013 1400 2084; x_wconf 92' lang='lat' dir='ltr'>si</span> <span class='ocrx_word' id='word_1_54' title='bbox 1417 2014 1508 2110; x_wconf 91' lang='lat' dir='ltr'>quid</span> <span class='ocrx_word' id='word_1_55' title='bbox 1530 2016 1620 2091; x_wconf 94' lang='lat' dir='ltr'>boni</span> 
     </span>
     <span class='ocr_line' id='line_1_8' title="bbox 282 2135 1622 2244; baseline -0.004 -26"><span class='ocrx_word' id='word_1_56' title='bbox 282 2164 391 2244; x_wconf 90' lang='lat' dir='ltr'>atque</span> <span class='ocrx_word' id='word_1_57' title='bbox 406 2142 589 2215; x_wconf 88' lang='lat' dir='ltr'>emendati</span> <span class='ocrx_word' id='word_1_58' title='bbox 610 2142 771 2210; x_wconf 62' lang='lat' dir='ltr'>uirorum</span> <span class='ocrx_word' id='word_1_59' title='bbox 788 2137 980 2208; x_wconf 88' lang='lat' dir='ltr'>doctorum</span> <span class='ocrx_word' id='word_1_60' title='bbox 999 2136 1074 2205; x_wconf 84' lang='lat' dir='ltr'>sive</span> <span class='ocrx_word' id='word_1_61' title='bbox 1092 2135 1255 2231; x_wconf 85' lang='lat' dir='ltr'>ingeni0,</span> <span class='ocrx_word' id='word_1_62' title='bbox 1273 2137 1348 2207; x_wconf 83' lang='lat' dir='ltr'>sire</span> <span class='ocrx_word' id='word_1_63' title='bbox 1364 2136 1486 2209; x_wconf 90' lang='lat' dir='ltr'>studio</span> <span class='ocrx_word' id='word_1_64' title='bbox 1504 2165 1622 2239; x_wconf 86' lang='lat' dir='ltr'>nuper</span> 
     </span>
     <span class='ocr_line' id='line_1_9' title="bbox 283 2258 1621 2359; baseline -0.004 -17"><span class='ocrx_word' id='word_1_65' title='bbox 283 2272 468 2342; x_wconf 87' lang='lat' dir='ltr'>detectum</span> <span class='ocrx_word' id='word_1_66' title='bbox 493 2265 683 2337; x_wconf 81' lang='lat' dir='ltr'>invenerit.</span> <span class='ocrx_word' id='word_1_67' title='bbox 716 2265 806 2350; x_wconf 82' lang='lat' dir='ltr'>Qnae</span> <span class='ocrx_word' id='word_1_68' title='bbox 825 2262 951 2331; x_wconf 85' lang='lat' dir='ltr'>messis</span> <span class='ocrx_word' id='word_1_69' title='bbox 973 2259 1092 2357; x_wconf 90' lang='lat' dir='ltr'>poetis</span> <span class='ocrx_word' id='word_1_70' title='bbox 1116 2259 1251 2329; x_wconf 91' lang='lat' dir='ltr'>nostris</span> <span class='ocrx_word' id='word_1_71' title='bbox 1273 2258 1373 2330; x_wconf 87' lang='lat' dir='ltr'>haud</span> <span class='ocrx_word' id='word_1_72' title='bbox 1390 2286 1520 2359; x_wconf 87' lang='lat' dir='ltr'>parcos</span> <span class='ocrx_word' id='word_1_73' title='bbox 1539 2266 1621 2337; x_wconf 87' lang='lat' dir='ltr'>red·</span> 
     </span>
     <span class='ocr_line' id='line_1_10' title="bbox 284 2382 1622 2476; baseline -0.001 -12"><span class='ocrx_word' id='word_1_74' title='bbox 284 2394 379 2465; x_wconf 83' lang='lat' dir='ltr'>didit</span> <span class='ocrx_word' id='word_1_75' title='bbox 399 2392 550 2462; x_wconf 84' lang='lat' dir='ltr'>fructus.</span> <span class='ocrx_word' id='word_1_76' title='bbox 594 2391 678 2476; x_wconf 89' lang='lat' dir='ltr'>Quo</span> <span class='ocrx_word' id='word_1_77' title='bbox 700 2386 834 2457; x_wconf 84' lang='lat' dir='ltr'>lactum</span> <span class='ocrx_word' id='word_1_78' title='bbox 856 2399 927 2473; x_wconf 86' lang='lat' dir='ltr'>est,</span> <span class='ocrx_word' id='word_1_79' title='bbox 950 2397 991 2454; x_wconf 91' lang='lat' dir='ltr'>ut</span> <span class='ocrx_word' id='word_1_80' title='bbox 1010 2408 1157 2471; x_wconf 85' lang='lat' dir='ltr'>omnes,</span> <span class='ocrx_word' id='word_1_81' title='bbox 1187 2382 1256 2455; x_wconf 88' lang='lat' dir='ltr'>nisi</span> <span class='ocrx_word' id='word_1_82' title='bbox 1284 2382 1374 2455; x_wconf 85' lang='lat' dir='ltr'>sorte</span> <span class='ocrx_word' id='word_1_83' title='bbox 1390 2388 1541 2459; x_wconf 83' lang='lat' dir='ltr'>Tzetzen</span> <span class='ocrx_word' id='word_1_84' title='bbox 1566 2416 1622 2462; x_wconf 81' lang='lat' dir='ltr'>ex·</span> 
     </span>
     <span class='ocr_line' id='line_1_11' title="bbox 286 2508 1623 2614; baseline 0 -27"><span class='ocrx_word' id='word_1_85' title='bbox 286 2519 405 2614; x_wconf 87' lang='lat' dir='ltr'>cipere</span> <span class='ocrx_word' id='word_1_86' title='bbox 424 2515 533 2602; x_wconf 85' lang='lat' dir='ltr'>velis,</span> <span class='ocrx_word' id='word_1_87' title='bbox 553 2510 741 2611; x_wconf 91' lang='lat' dir='ltr'>permultis</span> <span class='ocrx_word' id='word_1_88' title='bbox 761 2509 850 2579; x_wconf 87' lang='lat' dir='ltr'>locis</span> <span class='ocrx_word' id='word_1_89' title='bbox 873 2508 1037 2597; x_wconf 83' lang='lat' dir='ltr'>correcti,</span> <span class='ocrx_word' id='word_1_90' title='bbox 1061 2508 1200 2609; x_wconf 89' lang='lat' dir='ltr'>partim</span> <span class='ocrx_word' id='word_1_91' title='bbox 1220 2532 1353 2578; x_wconf 89' lang='lat' dir='ltr'>novam</span> <span class='ocrx_word' id='word_1_92' title='bbox 1374 2510 1482 2607; x_wconf 89' lang='lat' dir='ltr'>plane</span> <span class='ocrx_word' id='word_1_93' title='bbox 1501 2513 1623 2587; x_wconf 91' lang='lat' dir='ltr'>induti</span> 
     </span>
     <span class='ocr_line' id='line_1_12' title="bbox 286 2631 1623 2739; baseline -0.001 -27"><span class='ocrx_word' id='word_1_94' title='bbox 286 2642 464 2739; x_wconf 79' lang='lat' dir='ltr'>speciem,</span> <span class='ocrx_word' id='word_1_95' title='bbox 500 2640 536 2708; x_wconf 94' lang='lat' dir='ltr'>in</span> <span class='ocrx_word' id='word_1_96' title='bbox 567 2638 685 2707; x_wconf 91' lang='lat' dir='ltr'>lucem</span> <span class='ocrx_word' id='word_1_97' title='bbox 713 2632 909 2731; x_wconf 79' lang='lat' dir='ltr'>prodeant,</span> <span class='ocrx_word' id='word_1_98' title='bbox 940 2631 1170 2729; x_wconf 87' lang='lat' dir='ltr'>plurimaque</span> <span class='ocrx_word' id='word_1_99' title='bbox 1201 2631 1273 2703; x_wconf 91' lang='lat' dir='ltr'>dici</span> <span class='ocrx_word' id='word_1_100' title='bbox 1299 2635 1459 2730; x_wconf 85' lang='lat' dir='ltr'>possint,</span> <span class='ocrx_word' id='word_1_101' title='bbox 1488 2639 1623 2735; x_wconf 91' lang='lat' dir='ltr'>quibus</span> 
     </span>
     <span class='ocr_line' id='line_1_13' title="bbox 288 2756 1625 2860; baseline -0.001 -24"><span class='ocrx_word' id='word_1_102' title='bbox 288 2766 429 2853; x_wconf 85' lang='lat' dir='ltr'>multae,</span> <span class='ocrx_word' id='word_1_103' title='bbox 462 2788 552 2860; x_wconf 87' lang='lat' dir='ltr'>quas</span> <span class='ocrx_word' id='word_1_104' title='bbox 577 2761 796 2858; x_wconf 85' lang='lat' dir='ltr'>recepimus,</span> <span class='ocrx_word' id='word_1_105' title='bbox 826 2757 1000 2828; x_wconf 89' lang='lat' dir='ltr'>lectiones</span> <span class='ocrx_word' id='word_1_106' title='bbox 1026 2756 1266 2854; x_wconf 77' lang='lat' dir='ltr'>explicentur,</span> <span class='ocrx_word' id='word_1_107' title='bbox 1298 2759 1485 2832; x_wconf 85' lang='lat' dir='ltr'>nonnullae</span> <span class='ocrx_word' id='word_1_108' title='bbox 1504 2761 1625 2835; x_wconf 85' lang='lat' dir='ltr'>desen·</span> 
     </span>
     <span class='ocr_line' id='line_1_14' title="bbox 288 2881 1624 2982; baseline 0 -23"><span class='ocrx_word' id='word_1_109' title='bbox 288 2890 433 2977; x_wconf 88' lang='lat' dir='ltr'>dantur,</span> <span class='ocrx_word' id='word_1_110' title='bbox 455 2900 673 2957; x_wconf 85' lang='lat' dir='ltr'>excusentur</span> <span class='ocrx_word' id='word_1_111' title='bbox 692 2908 766 2955; x_wconf 94' lang='lat' dir='ltr'>non</span> <span class='ocrx_word' id='word_1_112' title='bbox 785 2906 918 2979; x_wconf 82' lang='lat' dir='ltr'>paucae.</span> <span class='ocrx_word' id='word_1_113' title='bbox 947 2884 997 2951; x_wconf 91' lang='lat' dir='ltr'>Ne</span> <span class='ocrx_word' id='word_1_114' title='bbox 1017 2896 1138 2951; x_wconf 88' lang='lat' dir='ltr'>tamen</span> <span class='ocrx_word' id='word_1_115' title='bbox 1157 2881 1322 2971; x_wconf 90' lang='lat' dir='ltr'>modum,</span> <span class='ocrx_word' id='word_1_116' title='bbox 1342 2884 1407 2980; x_wconf 93' lang='lat' dir='ltr'>qui</span> <span class='ocrx_word' id='word_1_117' title='bbox 1421 2885 1624 2982; x_wconf 70' lang='lat' dir='ltr'>praelationi</span> 
     </span>
     <span class='ocr_line' id='line_1_15' title="bbox 290 3004 1625 3100; baseline 0.001 -20"><span class='ocrx_word' id='word_1_118' title='bbox 290 3012 462 3081; x_wconf 85' lang='lat' dir='ltr'>constitui</span> <span class='ocrx_word' id='word_1_119' title='bbox 478 3010 584 3097; x_wconf 89' lang='lat' dir='ltr'>solet,</span> <span class='ocrx_word' id='word_1_120' title='bbox 618 3024 865 3094; x_wconf 89' lang='lat' dir='ltr'>transeamus,</span> <span class='ocrx_word' id='word_1_121' title='bbox 888 3004 933 3076; x_wconf 90' lang='lat' dir='ltr'>de</span> <span class='ocrx_word' id='word_1_122' title='bbox 951 3005 1103 3100; x_wconf 83' lang='lat' dir='ltr'>singulis</span> <span class='ocrx_word' id='word_1_123' title='bbox 1122 3007 1388 3076; x_wconf 83' lang='lat' dir='ltr'>mutationibus</span> <span class='ocrx_word' id='word_1_124' title='bbox 1408 3009 1445 3076; x_wconf 91' lang='lat' dir='ltr'>in</span> <span class='ocrx_word' id='word_1_125' title='bbox 1462 3010 1625 3081; x_wconf 87' lang='lat' dir='ltr'>editione</span> 
     </span>
     <span class='ocr_line' id='line_1_16' title="bbox 295 3128 1625 3226; baseline 0.002 -22"><span class='ocrx_word' id='word_1_126' title='bbox 295 3151 417 3205; x_wconf 85' lang='lat' dir='ltr'>nostra</span> <span class='ocrx_word' id='word_1_127' title='bbox 431 3134 546 3206; x_wconf 86' lang='lat' dir='ltr'>obviis</span> <span class='ocrx_word' id='word_1_128' title='bbox 567 3134 680 3204; x_wconf 85' lang='lat' dir='ltr'>lusius</span> <span class='ocrx_word' id='word_1_129' title='bbox 696 3132 870 3203; x_wconf 87' lang='lat' dir='ltr'>disserere</span> <span class='ocrx_word' id='word_1_130' title='bbox 888 3128 1224 3226; x_wconf 86' lang='lat' dir='ltr'>supersedebimus,</span> <span class='ocrx_word' id='word_1_131' title='bbox 1242 3155 1331 3226; x_wconf 89' lang='lat' dir='ltr'>quas</span> <span class='ocrx_word' id='word_1_132' title='bbox 1354 3156 1399 3201; x_wconf 89' lang='lat' dir='ltr'>ne</span> <span class='ocrx_word' id='word_1_133' title='bbox 1413 3157 1625 3207; x_wconf 89' lang='lat' dir='ltr'>enumerare</span> 
     </span>
     <span class='ocr_line' id='line_1_17' title="bbox 295 3253 1626 3355; baseline 0.002 -28"><span class='ocrx_word' id='word_1_134' title='bbox 295 3257 443 3355; x_wconf 80' lang='lat' dir='ltr'>quidem</span> <span class='ocrx_word' id='word_1_135' title='bbox 470 3258 606 3345; x_wconf 87' lang='lat' dir='ltr'>licebit,</span> <span class='ocrx_word' id='word_1_136' title='bbox 643 3257 713 3327; x_wconf 91' lang='lat' dir='ltr'>nisi</span> <span class='ocrx_word' id='word_1_137' title='bbox 746 3255 810 3328; x_wconf 92' lang='lat' dir='ltr'>ubi</span> <span class='ocrx_word' id='word_1_138' title='bbox 838 3255 876 3325; x_wconf 95' lang='lat' dir='ltr'>id</span> <span class='ocrx_word' id='word_1_139' title='bbox 902 3269 962 3325; x_wconf 88' lang='lat' dir='ltr'>aut</span> <span class='ocrx_word' id='word_1_140' title='bbox 990 3254 1117 3350; x_wconf 85' lang='lat' dir='ltr'>paucis</span> <span class='ocrx_word' id='word_1_141' title='bbox 1144 3253 1431 3342; x_wconf 81' lang='lat' dir='ltr'>absolvendum,</span> <span class='ocrx_word' id='word_1_142' title='bbox 1461 3273 1524 3327; x_wconf 87' lang='lat' dir='ltr'>aut</span> <span class='ocrx_word' id='word_1_143' title='bbox 1548 3260 1626 3331; x_wconf 90' lang='lat' dir='ltr'>sine</span> 
     </span>
     <span class='ocr_line' id='line_1_18' title="bbox 295 3377 1627 3477; baseline 0.003 -26"><span class='ocrx_word' id='word_1_144' title='bbox 295 3407 425 3477; x_wconf 86' lang='lat' dir='ltr'>magno</span> <span class='ocrx_word' id='word_1_145' title='bbox 446 3381 621 3454; x_wconf 88' lang='lat' dir='ltr'>lectorum</span> <span class='ocrx_word' id='word_1_146' title='bbox 650 3395 858 3451; x_wconf 90' lang='lat' dir='ltr'>nostrorum</span> <span class='ocrx_word' id='word_1_147' title='bbox 880 3377 1119 3449; x_wconf 89' lang='lat' dir='ltr'>incommodo</span> <span class='ocrx_word' id='word_1_148' title='bbox 1149 3403 1224 3447; x_wconf 93' lang='lat' dir='ltr'>uon</span> <span class='ocrx_word' id='word_1_149' title='bbox 1251 3378 1463 3450; x_wconf 87' lang='lat' dir='ltr'>evitandum</span> <span class='ocrx_word' id='word_1_150' title='bbox 1491 3382 1627 3455; x_wconf 87' lang='lat' dir='ltr'>iudica·</span> 
     </span>
     <span class='ocr_line' id='line_1_19' title="bbox 292 3506 460 3576; baseline 0.006 -4"><span class='ocrx_word' id='word_1_151' title='bbox 292 3506 460 3576; x_wconf 75' lang='lat' dir='ltr'>terimus.</span> 
     </span>
    </p>

    <p class='ocr_par' dir='ltr' id='par_1_3' title="bbox 290 3626 1630 4716">
     <span class='ocr_line' id='line_1_20' title="bbox 328 3626 1628 3724; baseline 0.001 -24"><span class='ocrx_word' id='word_1_152' title='bbox 328 3628 606 3724; x_wconf 66' lang='lat' dir='ltr'>(ioettlingianus</span> <span class='ocrx_word' id='word_1_153' title='bbox 621 3632 768 3696; x_wconf 76' lang='lat' dir='ltr'>Hastom</span> <span class='ocrx_word' id='word_1_154' title='bbox 787 3640 903 3696; x_wconf 84' lang='lat' dir='ltr'>textus</span> <span class='ocrx_word' id='word_1_155' title='bbox 918 3627 1183 3722; x_wconf 86' lang='lat' dir='ltr'>quinquaginta</span> <span class='ocrx_word' id='word_1_156' title='bbox 1199 3626 1473 3699; x_wconf 84' lang='lat' dir='ltr'>emendationes</span> <span class='ocrx_word' id='word_1_157' title='bbox 1488 3632 1526 3700; x_wconf 94' lang='lat' dir='ltr'>in</span> <span class='ocrx_word' id='word_1_158' title='bbox 1536 3630 1628 3701; x_wconf 88' lang='lat' dir='ltr'>&#39;lbe-</span> 
     </span>
     <span class='ocr_line' id='line_1_21' title="bbox 290 3750 1628 3851; baseline 0.004 -31"><span class='ocrx_word' id='word_1_159' title='bbox 290 3753 442 3846; x_wconf 84' lang='lat' dir='ltr'>ogonia,</span> <span class='ocrx_word' id='word_1_160' title='bbox 464 3753 592 3848; x_wconf 82' lang='lat' dir='ltr'>viginti</span> <span class='ocrx_word' id='word_1_161' title='bbox 607 3754 772 3848; x_wconf 90' lang='lat' dir='ltr'>quinque</span> <span class='ocrx_word' id='word_1_162' title='bbox 793 3752 830 3820; x_wconf 95' lang='lat' dir='ltr'>in</span> <span class='ocrx_word' id='word_1_163' title='bbox 858 3755 969 3821; x_wconf 88' lang='lat' dir='ltr'>Scuto</span> <span class='ocrx_word' id='word_1_164' title='bbox 984 3750 1149 3821; x_wconf 86' lang='lat' dir='ltr'>Herculis</span> <span class='ocrx_word' id='word_1_165' title='bbox 1176 3776 1196 3820; x_wconf 90' lang='lat' dir='ltr'>a</span> <span class='ocrx_word' id='word_1_166' title='bbox 1223 3750 1331 3821; x_wconf 93' lang='lat' dir='ltr'>nobis</span> <span class='ocrx_word' id='word_1_167' title='bbox 1356 3768 1516 3851; x_wconf 87' lang='lat' dir='ltr'>receptas</span> <span class='ocrx_word' id='word_1_168' title='bbox 1530 3780 1628 3850; x_wconf 85' lang='lat' dir='ltr'>egre-</span> 
     </span>
     <span class='ocr_line' id='line_1_22' title="bbox 290 3873 1628 3975; baseline 0.003 -29"><span class='ocrx_word' id='word_1_169' title='bbox 290 3878 356 3971; x_wconf 83' lang='lat' dir='ltr'>gtae</span> <span class='ocrx_word' id='word_1_170' title='bbox 376 3876 575 3947; x_wconf 88' lang='lat' dir='ltr'>Hermanni</span> <span class='ocrx_word' id='word_1_171' title='bbox 600 3874 804 3946; x_wconf 89' lang='lat' dir='ltr'>recensioni</span> <span class='ocrx_word' id='word_1_172' title='bbox 826 3874 880 3972; x_wconf 86' lang='lat' dir='ltr'>(in</span> <span class='ocrx_word' id='word_1_173' title='bbox 899 3899 1045 3971; x_wconf 89' lang='lat' dir='ltr'>opuscc.</span> <span class='ocrx_word' id='word_1_174' title='bbox 1082 3873 1153 3944; x_wconf 83' lang='lat' dir='ltr'>¹vol.</span> <span class='ocrx_word' id='word_1_175' title='bbox 1179 3878 1235 3963; x_wconf 90' lang='lat' dir='ltr'>Vl,</span> <span class='ocrx_word' id='word_1_176' title='bbox 1261 3900 1338 3972; x_wconf 83' lang='lat' dir='ltr'>pag.</span> <span class='ocrx_word' id='word_1_177' title='bbox 1364 3881 1427 3961; x_wconf 70' lang='lat'>142</span> <span class='ocrx_word' id='word_1_178' title='bbox 1450 3879 1546 3975; x_wconf 74' lang='lat' dir='ltr'>sqq.)</span> <span class='ocrx_word' id='word_1_179' title='bbox 1566 3879 1628 3950; x_wconf 86' lang='lat' dir='ltr'>de.-</span> 
     </span>
     <span class='ocr_line' id='line_1_23' title="bbox 292 3998 1628 4096; baseline 0.002 -26"><span class='ocrx_word' id='word_1_180' title='bbox 292 4000 363 4070; x_wconf 90' lang='lat' dir='ltr'>bet.</span> <span class='ocrx_word' id='word_1_181' title='bbox 392 4003 515 4086; x_wconf 90' lang='lat' dir='ltr'>Quum</span> <span class='ocrx_word' id='word_1_182' title='bbox 534 4000 579 4070; x_wconf 95' lang='lat' dir='ltr'>de</span> <span class='ocrx_word' id='word_1_183' title='bbox 592 4001 709 4096; x_wconf 88' lang='lat' dir='ltr'>prisca</span> <span class='ocrx_word' id='word_1_184' title='bbox 730 3998 946 4094; x_wconf 81' lang='lat' dir='ltr'>&#39;llreogoniae</span> <span class='ocrx_word' id='word_1_185' title='bbox 967 3998 1083 4069; x_wconf 80' lang='lat' dir='ltr'>forma</span> <span class='ocrx_word' id='word_1_186' title='bbox 1104 3998 1365 4096; x_wconf 85' lang='lat' dir='ltr'>lrodiernaequc</span> <span class='ocrx_word' id='word_1_187' title='bbox 1385 4002 1523 4094; x_wconf 87' lang='lat' dir='ltr'>origine</span> <span class='ocrx_word' id='word_1_188' title='bbox 1538 4002 1628 4073; x_wconf 92' lang='lat' dir='ltr'>nibil</span> 
     </span>
     <span class='ocr_line' id='line_1_24' title="bbox 290 4123 1630 4221; baseline 0.004 -28"><span class='ocrx_word' id='word_1_189' title='bbox 290 4140 434 4195; x_wconf 88' lang='lat' dir='ltr'>constet</span> <span class='ocrx_word' id='word_1_190' title='bbox 449 4124 519 4221; x_wconf 84' lang='lat' dir='ltr'>(r),</span> <span class='ocrx_word' id='word_1_191' title='bbox 539 4149 663 4195; x_wconf 85' lang='lat' dir='ltr'>versus</span> <span class='ocrx_word' id='word_1_192' title='bbox 687 4125 914 4219; x_wconf 84' lang='lat' dir='ltr'>longioresve</span> <span class='ocrx_word' id='word_1_193' title='bbox 930 4123 1031 4193; x_wconf 89' lang='lat' dir='ltr'>locos</span> <span class='ocrx_word' id='word_1_194' title='bbox 1056 4140 1311 4220; x_wconf 88' lang='lat' dir='ltr'>transponere,</span> <span class='ocrx_word' id='word_1_195' title='bbox 1329 4125 1518 4221; x_wconf 92' lang='lat' dir='ltr'>quomodo</span> <span class='ocrx_word' id='word_1_196' title='bbox 1544 4134 1630 4200; x_wconf 90' lang='lat' dir='ltr'>Her·</span> 
     </span>
     <span class='ocr_line' id='line_1_25' title="bbox 291 4245 1629 4337; baseline 0.007 -23"><span class='ocrx_word' id='word_1_197' title='bbox 291 4271 449 4316; x_wconf 86' lang='lat' dir='ltr'>mannus</span> <span class='ocrx_word' id='word_1_198' title='bbox 467 4245 527 4316; x_wconf 90' lang='lat' dir='ltr'>bic</span> <span class='ocrx_word' id='word_1_199' title='bbox 544 4246 617 4317; x_wconf 88' lang='lat' dir='ltr'>illic</span> <span class='ocrx_word' id='word_1_200' title='bbox 633 4245 838 4318; x_wconf 77' lang='lat' dir='ltr'>sacimdum</span> <span class='ocrx_word' id='word_1_201' title='bbox 856 4246 973 4337; x_wconf 83' lang='lat' dir='ltr'>docet,</span> <span class='ocrx_word' id='word_1_202' title='bbox 989 4248 1067 4318; x_wconf 89' lang='lat' dir='ltr'>ausi</span> <span class='ocrx_word' id='word_1_203' title='bbox 1081 4272 1156 4317; x_wconf 93' lang='lat' dir='ltr'>non</span> <span class='ocrx_word' id='word_1_204' title='bbox 1171 4273 1309 4336; x_wconf 74' lang='lat' dir='ltr'>sumuS,</span> <span class='ocrx_word' id='word_1_205' title='bbox 1323 4248 1386 4319; x_wconf 90' lang='lat' dir='ltr'>sed</span> <span class='ocrx_word' id='word_1_206' title='bbox 1399 4250 1484 4334; x_wconf 84' lang='lat' dir='ltr'>satis</span> <span class='ocrx_word' id='word_1_207' title='bbox 1499 4249 1629 4322; x_wconf 87' lang='lat' dir='ltr'>habui·</span> 
     </span>
     <span class='ocr_line' id='line_1_26' title="bbox 292 4369 1630 4468; baseline 0.007 -32"><span class='ocrx_word' id='word_1_208' title='bbox 292 4394 374 4438; x_wconf 87' lang='lat' dir='ltr'>mus</span> <span class='ocrx_word' id='word_1_209' title='bbox 389 4372 492 4440; x_wconf 92' lang='lat' dir='ltr'>uncis</span> <span class='ocrx_word' id='word_1_210' title='bbox 513 4369 715 4460; x_wconf 88' lang='lat' dir='ltr'>includere,</span> <span class='ocrx_word' id='word_1_211' title='bbox 734 4396 831 4467; x_wconf 82' lang='lat' dir='ltr'>quae,</span> <span class='ocrx_word' id='word_1_212' title='bbox 854 4396 929 4468; x_wconf 92' lang='lat' dir='ltr'>quo</span> <span class='ocrx_word' id='word_1_213' title='bbox 951 4371 1033 4441; x_wconf 96' lang='lat' dir='ltr'>loco</span> <span class='ocrx_word' id='word_1_214' title='bbox 1053 4370 1164 4442; x_wconf 88' lang='lat' dir='ltr'>bodie</span> <span class='ocrx_word' id='word_1_215' title='bbox 1183 4373 1368 4467; x_wconf 85' lang='lat' dir='ltr'>leguntur,</span> <span class='ocrx_word' id='word_1_216' title='bbox 1389 4376 1560 4445; x_wconf 85' lang='lat' dir='ltr'>carminis</span> <span class='ocrx_word' id='word_1_217' title='bbox 1581 4392 1630 4446; x_wconf 93' lang='lat' dir='ltr'>te·</span> 
     </span>
     <span class='ocr_line' id='line_1_27' title="bbox 292 4494 1629 4598; baseline 0.006 -37"><span class='ocrx_word' id='word_1_218' title='bbox 292 4518 421 4563; x_wconf 85' lang='lat' dir='ltr'>norem</span> <span class='ocrx_word' id='word_1_219' title='bbox 439 4496 733 4592; x_wconf 88' lang='lat' dir='ltr'>interrumpunt,</span> <span class='ocrx_word' id='word_1_220' title='bbox 751 4496 825 4566; x_wconf 89' lang='lat' dir='ltr'>sive</span> <span class='ocrx_word' id='word_1_221' title='bbox 838 4494 1090 4598; x_wconf 90' lang='lat' dir='ltr'>dispositionis</span> <span class='ocrx_word' id='word_1_222' title='bbox 1109 4496 1287 4568; x_wconf 89' lang='lat' dir='ltr'>hodierna</span> <span class='ocrx_word' id='word_1_223' title='bbox 1304 4499 1536 4592; x_wconf 87' lang='lat' dir='ltr'>antiquioris,</span> <span class='ocrx_word' id='word_1_224' title='bbox 1555 4500 1629 4569; x_wconf 80' lang='lat' dir='ltr'>sire</span> 
     </span>
     <span class='ocr_line' id='line_1_28' title="bbox 293 4617 1629 4716; baseline 0.006 -33"><span class='ocrx_word' id='word_1_225' title='bbox 293 4617 471 4689; x_wconf 83' lang='lat' dir='ltr'>variarum</span> <span class='ocrx_word' id='word_1_226' title='bbox 488 4621 759 4709; x_wconf 89' lang='lat' dir='ltr'>recensionum,</span> <span class='ocrx_word' id='word_1_227' title='bbox 772 4620 846 4690; x_wconf 90' lang='lat' dir='ltr'>sive</span> <span class='ocrx_word' id='word_1_228' title='bbox 861 4619 1186 4716; x_wconf 89' lang='lat' dir='ltr'>interpolationum</span> <span class='ocrx_word' id='word_1_229' title='bbox 1203 4620 1348 4714; x_wconf 84' lang='lat' dir='ltr'>vestigia</span> <span class='ocrx_word' id='word_1_230' title='bbox 1364 4620 1446 4688; x_wconf 91' lang='lat' dir='ltr'>sint.</span> <span class='ocrx_word' id='word_1_231' title='bbox 1463 4619 1570 4705; x_wconf 88' lang='lat' dir='ltr'>Quod</span> <span class='ocrx_word' id='word_1_232' title='bbox 1584 4620 1629 4691; x_wconf 91' lang='lat' dir='ltr'>ad</span> 
     </span>
    </p>
   </div>
   <div class='ocr_carea' id='block_1_3' title="bbox 291 4929 1631 5333">
    <p class='ocr_par' dir='ltr' id='par_1_4' title="bbox 291 4929 1631 5333">
     <span class='ocr_line' id='line_1_29' title="bbox 333 4929 1628 5011; baseline 0.006 -26"><span class='ocrx_word' id='word_1_233' title='bbox 333 4929 375 5009; x_wconf 81' lang='lat'>(1)</span> <span class='ocrx_word' id='word_1_234' title='bbox 397 4932 576 5005; x_wconf 78' lang='lat' dir='ltr'>Miitzellius,</span> <span class='ocrx_word' id='word_1_235' title='bbox 589 4954 675 5011; x_wconf 87' lang='lat' dir='ltr'>quem</span> <span class='ocrx_word' id='word_1_236' title='bbox 699 4932 744 4991; x_wconf 88' lang='lat' dir='ltr'>bis</span> <span class='ocrx_word' id='word_1_237' title='bbox 758 4933 789 4991; x_wconf 88' lang='lat' dir='ltr'>in</span> <span class='ocrx_word' id='word_1_238' title='bbox 803 4931 907 4991; x_wconf 88' lang='lat' dir='ltr'>studiis</span> <span class='ocrx_word' id='word_1_239' title='bbox 923 4945 1016 4990; x_wconf 91' lang='lat' dir='ltr'>totum</span> <span class='ocrx_word' id='word_1_240' title='bbox 1037 4952 1098 4990; x_wconf 86' lang='lat' dir='ltr'>esse</span> <span class='ocrx_word' id='word_1_241' title='bbox 1122 4931 1175 4989; x_wconf 86' lang='lat' dir='ltr'>viri</span> <span class='ocrx_word' id='word_1_242' title='bbox 1190 4931 1269 4989; x_wconf 89' lang='lat' dir='ltr'>docti</span> <span class='ocrx_word' id='word_1_243' title='bbox 1286 4951 1345 4989; x_wconf 90' lang='lat' dir='ltr'>non</span> <span class='ocrx_word' id='word_1_244' title='bbox 1363 4930 1519 5010; x_wconf 79' lang='lat' dir='ltr'>ignorant,</span> <span class='ocrx_word' id='word_1_245' title='bbox 1532 4934 1561 4992; x_wconf 91' lang='lat' dir='ltr'>in</span> <span class='ocrx_word' id='word_1_246' title='bbox 1580 4955 1628 4993; x_wconf 86' lang='lat' dir='ltr'>re-</span> 
     </span>
     <span class='ocr_line' id='line_1_30' title="bbox 291 5035 1628 5120; baseline 0.007 -29"><span class='ocrx_word' id='word_1_247' title='bbox 291 5035 428 5095; x_wconf 80' lang='lat' dir='ltr'>censione</span> <span class='ocrx_word' id='word_1_248' title='bbox 447 5037 547 5112; x_wconf 86' lang='lat' dir='ltr'>libelli,</span> <span class='ocrx_word' id='word_1_249' title='bbox 562 5040 591 5097; x_wconf 92' lang='lat' dir='ltr'>in</span> <span class='ocrx_word' id='word_1_250' title='bbox 607 5060 666 5118; x_wconf 94' lang='lat' dir='ltr'>quo</span> <span class='ocrx_word' id='word_1_251' title='bbox 683 5038 847 5100; x_wconf 83' lang='lat' dir='ltr'>Soetbeerus</span> <span class='ocrx_word' id='word_1_252' title='bbox 862 5038 981 5117; x_wconf 85' lang='lat' dir='ltr'>quidam</span> <span class='ocrx_word' id='word_1_253' title='bbox 995 5058 1048 5097; x_wconf 87' lang='lat' dir='ltr'>sua</span> <span class='ocrx_word' id='word_1_254' title='bbox 1063 5038 1248 5116; x_wconf 87' lang='lat' dir='ltr'>Gruppiique</span> <span class='ocrx_word' id='word_1_255' title='bbox 1270 5038 1381 5096; x_wconf 81' lang='lat' dir='ltr'>somnia</span> <span class='ocrx_word' id='word_1_256' title='bbox 1404 5037 1441 5097; x_wconf 88' lang='lat' dir='ltr'>de</span> <span class='ocrx_word' id='word_1_257' title='bbox 1457 5040 1628 5120; x_wconf 83' lang='lat' dir='ltr'>primigenia</span> 
     </span>
     <span class='ocr_line' id='line_1_31' title="bbox 292 5140 1631 5227; baseline 0.006 -29"><span class='ocrx_word' id='word_1_258' title='bbox 292 5140 471 5221; x_wconf 81' lang='lat' dir='ltr'>Theogoniae</span> <span class='ocrx_word' id='word_1_259' title='bbox 483 5146 581 5223; x_wconf 84' lang='lat' dir='ltr'>specie</span> <span class='ocrx_word' id='word_1_260' title='bbox 595 5144 706 5225; x_wconf 90' lang='lat' dir='ltr'>publici</span> <span class='ocrx_word' id='word_1_261' title='bbox 718 5146 795 5225; x_wconf 86' lang='lat' dir='ltr'>juris</span> <span class='ocrx_word' id='word_1_262' title='bbox 814 5148 882 5205; x_wconf 81' lang='lat' dir='ltr'>iecit</span> <span class='ocrx_word' id='word_1_263' title='bbox 897 5146 1076 5227; x_wconf 87' lang='lat' dir='ltr'>(Zimmerm.</span> <span class='ocrx_word' id='word_1_264' title='bbox 1091 5145 1235 5223; x_wconf 80' lang='lat' dir='ltr'>ephemnr.</span> <span class='ocrx_word' id='word_1_265' title='bbox 1254 5166 1279 5203; x_wconf 81' lang='lat' dir='ltr'>a.</span> <span class='ocrx_word' id='word_1_266' title='bbox 1299 5145 1387 5223; x_wconf 82' lang='lat'>1838,</span> <span class='ocrx_word' id='word_1_267' title='bbox 1401 5168 1479 5206; x_wconf 87' lang='lat' dir='ltr'>num.</span> <span class='ocrx_word' id='word_1_268' title='bbox 1497 5167 1531 5205; x_wconf 85' lang='grc' dir='ltr'>ιο</span> <span class='ocrx_word' id='word_1_269' title='bbox 1541 5148 1631 5227; x_wconf 61' lang='lat' dir='ltr'>squ),</span> 
     </span>
     <span class='ocr_line' id='line_1_32' title="bbox 294 5248 1459 5333; baseline 0.008 -30"><span class='ocrx_word' id='word_1_270' title='bbox 294 5248 460 5328; x_wconf 72' lang='lat' dir='ltr'>philologiae</span> <span class='ocrx_word' id='word_1_271' title='bbox 476 5252 624 5311; x_wconf 74' lang='lat' dir='ltr'>hodierna</span> <span class='ocrx_word' id='word_1_272' title='bbox 639 5255 713 5313; x_wconf 87' lang='lat' dir='ltr'>vires</span> <span class='ocrx_word' id='word_1_273' title='bbox 726 5254 889 5312; x_wconf 84' lang='lat' dir='ltr'>difficultati</span> <span class='ocrx_word' id='word_1_274' title='bbox 904 5252 991 5311; x_wconf 91' lang='lat' dir='ltr'>huius</span> <span class='ocrx_word' id='word_1_275' title='bbox 1006 5253 1174 5331; x_wconf 81' lang='lat' dir='ltr'>quaestionis</span> <span class='ocrx_word' id='word_1_276' title='bbox 1189 5273 1271 5330; x_wconf 84' lang='lat' dir='ltr'>pares</span> <span class='ocrx_word' id='word_1_277' title='bbox 1289 5274 1350 5312; x_wconf 88' lang='lat' dir='ltr'>csse</span> <span class='ocrx_word' id='word_1_278' title='bbox 1368 5268 1459 5333; x_wconf 81' lang='lat' dir='ltr'>negat.</span> 
     </span>
    </p>
   </div>
   <div class='ocr_carea' id='block_1_4' title="bbox 1471 5392 1485 5419">
    <p class='ocr_par' dir='ltr' id='par_1_5' title="bbox 1471 5392 1485 5419">
     <span class='ocr_line' id='line_1_33' title="bbox 1471 5392 1485 5419; baseline 0 0"><span class='ocrx_word' id='word_1_279' title='bbox 1471 5392 1485 5419; x_wconf 72' lang='lat' dir='ltr'>nl</span> 
     </span>
    </p>
   </div>
   <div class='ocr_carea' id='block_1_5' title="bbox 0 0 2056 6067">
    <p class='ocr_par' dir='ltr' id='par_1_6' title="bbox 0 0 2056 6067">
     <span class='ocr_line' id='line_1_34' title="bbox 0 0 2056 6067; baseline 0 0"><span class='ocrx_word' id='word_1_280' title='bbox 0 0 2056 6067; x_wconf 95' lang='lat' dir='ltr'> </span> 
     </span>
    </p>
   </div>
  </div>
 </body>
</html>
