4042 6067
470 510 507 559 n
631 539 634 545 ,
1034 471 1251 535 uaesano.

473 629 624 698 Scutum
644 618 792 700 attinet,
814 611 966 681 lectores
983 605 1029 677 ad
1045 604 1220 701 egregiam
1237 599 1436 670 Hernranni
1457 581 1742 695 disputationem
1765 599 1811 672 de

475 745 609 843 triplici
635 742 745 811 huius
764 732 940 834 poematis
964 729 1177 801 recensione
1202 727 1429 797 remittamus
1450 738 1605 819 oportet.
1633 727 1812 795 Carminis

476 871 574 942 enirn
591 861 790 936 intellectui
805 854 1075 949 commodoque
1091 851 1287 947 legentium
1302 847 1395 918 male
1409 846 1620 949 consultum
1634 846 1770 934 luisset,
1784 849 1811 917 si

479 993 577 1064 nulla
587 988 708 1060 addita
726 981 961 1055 adnotatione
978 992 1115 1047 textum
1129 972 1361 1069 dispositioni
1377 996 1396 1039 a
1409 971 1487 1040 viro
1501 969 1714 1040 doctissimo
1729 995 1813 1066 pro-

481 1117 606 1213 positae
623 1111 790 1206 adaptare
807 1096 1123 1195 voluissemuslr).
1132 1100 1186 1166 lle
1206 1092 1424 1189 tertii,quod
1445 1106 1620 1189 superest,
1638 1094 1818 1188 poematis

475 1225 643 1301 Hesiodei
676 1235 803 1292 natura
824 1214 995 1289 Lehrsius
1028 1211 1135 1281 frater
1162 1210 1315 1282 dilectus
1348 1216 1597 1303 Quaestionum
1622 1225 1801 1314 epicurum

475 1377 506 1422 a.
532 1348 620 1438 1837
643 1345 821 1418 editarum
842 1336 1093 1411 dissertatione
1107 1336 1209 1404 tertia
1230 1339 1544 1432 noramexposnit
1565 1344 1801 1425 sententiam,

470 1483 564 1553 «quae,
579 1459 744 1557 quamvis
767 1460 889 1528 minus
908 1458 1060 1556 probata
1077 1481 1095 1526 a
1111 1457 1312 1546 nonnullis,
1328 1457 1481 1527 maxime
1500 1473 1619 1527 tamen
1634 1460 1807 1530 idoneum

470 1582 601 1655 harum
619 1607 740 1653 rerum
756 1581 915 1652 iudicem
934 1596 1038 1652 nacta
1058 1596 1111 1651 est
1128 1579 1357 1650 defensorem
1375 1580 1438 1675 (a).
1454 1585 1493 1649 ln
1511 1598 1634 1651 nostra
1649 1583 1808 1655 editione

472 1707 630 1803 singulas
646 1707 746 1776 facile
766 1731 937 1799 agnosces
956 1706 1170 1793 sententias,
1189 1730 1278 1800 quas
1298 1703 1468 1774 Lehrsius
1487 1729 1561 1775 uon
1577 1707 1646 1776 nisi
1662 1723 1811 1805 propter

473 1832 668 1903 verborum
686 1829 918 1927 quorundam
937 1828 1214 1899 similitudinem
1231 1828 1461 1925 interpositas
1479 1853 1562 1899 cum
1581 1830 1722 1927 reliquo
1739 1857 1811 1902 car·

477 1956 645 2025 mineris
665 1952 845 2024 colraerere
860 1952 1095 2024 demonstrat.
1118 1956 1207 2038 Qua>
1222 1951 1318 2022 idem
1334 1953 1548 2049 interpolata
1566 1979 1643 2023 esse
1664 1955 1812 2045 iudicat,

474 2080 580 2150 uncis
601 2077 838 2164 inclusimus3
862 2102 942 2173 quae
959 2103 978 2147 e
996 2077 1103 2146 variis
1120 2076 1397 2147 recensionibus
1413 2102 1576 2148 manasse
1594 2079 1692 2168 vult,
1720 2080 1813 2150 indi·

476 2226 555 2272 care
572 2226 646 2270 non
668 2200 781 2271 licuit.
797 2200 927 2270 lllultas
943 2199 1117 2271 lectiones
1136 2202 1172 2269 in
1196 2201 1407 2270 recensione
1424 2215 1541 2271 textus
1561 2203 1812 2298 Goettlingiani

477 2333 522 2404 al)
538 2338 747 2403 Hermanno
762 2331 1034 2403 commendatas
1050 2333 1086 2401 iu
1103 2346 1269 2402 nostrum
1284 2335 1444 2427 Operum
1462 2348 1496 2402 et
1511 2335 1659 2403 Dierum
1677 2350 1811 2405 tertiam

479 2480 570 2525 11010
588 2454 656 2525 hac
671 2456 810 2526 ratione
829 2453 1048 2551 dispositum
1064 2454 1248 2525 introduci
1266 2480 1340 2524 non
1354 2456 1516 2551 potuisse
1531 2474 1688 2553 apparet.
1705 2460 1812 2544 Quod

479 2578 627 2647 Hesiodi
652 2579 934 2674 fragmentorum
956 2579 1122 2650 collectio
1141 2594 1214 2647 tam
1230 2594 1333 2648 aucta
1350 2595 1497 2675 tamque
1513 2579 1701 2650 emendata
1716 2608 1818 2653 nunc

481 2701 517 2769 in
538 2701 657 2771 lucem
674 2701 814 2798 prodit,
843 2702 880 2771 id
901 2704 1007 2772 etiarn
1029 2706 1238 2773 Hermanno
1259 2702 1430 2792 debetur,
1460 2704 1540 2799 qui,
1560 2719 1755 2799 postquam
1774 2708 1811 2775 in

483 2826 692 2896 recensione
708 2825 767 2896 illa
782 2827 1075 2922 Gocttlingianarn
1090 2826 1343 2898 collectionem
1358 2826 1541 2923 castigavit
1552 2825 1749 2921 multisque
1763 2828 1817 2898 lo·

481 2950 532 3020 cis
556 2950 673 3019 citatis
695 2950 946 3047 locupletarit,
974 2952 1119 3047 triginta
1137 2953 1203 3021 tria
1224 2952 1423 3047 fragmenta
1441 2947 1579 3021 addidit
1606 2973 1701 3019 nora
1728 2950 1773 3046 (l.
1789 2951 1813 3020 l.

481 3099 558 3168 pag.
575 3073 811 3172 266—271),
830 3101 911 3172 (quae
928 3077 965 3145 in
982 3075 1143 3147 editione
1159 3090 1281 3146 nostra
1298 3075 1399 3146 litera
1420 3080 1462 3144 H.
1478 3074 1694 3144 notavimus.
1709 3078 1817 3146 Acce·

482 3196 575 3267 dunt
587 3213 759 3294 praeterea
771 3199 975 3296 complura,
996 3225 1078 3296 quae
1097 3224 1319 3297 quamquam
1339 3200 1376 3269 in
1392 3198 1593 3269 Lelnnanni
1613 3196 1656 3267 de
1671 3198 1819 3269 Hesiodi

482 3320 694 3390 <meatitibus
711 3321 862 3416 perditis
875 3324 1057 3418 particula
1080 3326 1195 3418 primi
1210 3348 1309 3393 anno
1340 3323 1429 3392 1828
1452 3320 1607 3391 Berolini
1633 3319 1727 3391 edita
1741 3323 1815 3418 jam

483 3442 673 3535 leguntur,
701 3469 721 3512 a
742 3444 953 3538 Grrttlingio
970 3447 1101 3516 omissa
1115 3461 1218 3532 sunt,
1233 3447 1374 3542 triaque
1394 3448 1429 3514 in
1455 3446 1614 3514 Crameri
1629 3445 1816 3519 anecdotis

483 3564 642 3658 primum
687 3563 1348 3662 ertrlgata.‚liurrre1·osGerttlingianae
1381 3566 1604 3636 collectionis
1638 3567 1716 3639 sine
1745 3568 1817 3638 ulla

484 3684 585 3756 litera
605 3688 740 3757 nostris
763 3690 1022 3785 apposuimus,
1041 3692 1201 3760 numeris
1226 3690 1451 3761 collectionis
1480 3690 1682 3761 Lelrmanni
1716 3693 1816 3762 litera

485 3813 542 3899 l..,
560 3809 784 3881 collectionis
801 3812 981 3884 Gaislordi
994 3813 1049 3885 vel
1064 3813 1245 3884 Dindorsri
1264 3813 1365 3884 litera
1379 3817 1421 3882 l).
1437 3812 1617 3908 adscripta
1638 3829 1701 3883 est.
1714 3819 1739 3882 F
1743 3839 1817 3908 rag·

485 3936 778 4004 rnentmnCXVll
789 3940 1016 4006 Her-mannus
1030 3938 1065 4006 in
1079 3936 1287 4033 praelatione
1298 3934 1343 4019 ad
1357 3936 1474 4031 Eurip.
1492 3933 1615 4005 Helen.
1630 3959 1707 4030 pag.
1723 3939 1814 4004 Xl'll

483 4058 634 4127 correxit
651 4111 659 4144 ,
683 4055 834 4154 ejusq'ue
848 4060 1140 4131 emendationem
1154 4061 1370 4156 recepimus,
1383 4082 1603 4155 quamquam
1618 4057 1816 4128 Hesiodum

483 4183 531 4250 ita
547 4181 719 4251 cecinisse
736 4182 842 4253 nobis
863 4184 1080 4281 persuadere
1095 4175 1160 4255 virt¹
1170 4208 1377 4281 possumus.

531 4310 569 4374 ln
592 4311 797 4377 Aeonnoano
821 4309 1048 4380 aWellaueri
1068 4308 1287 4380 lectionibus
1306 4331 1573 4401 nonnunquam
1593 4307 1816 4375 recessimus.

483 4433 530 4499 Ea·
563 4431 623 4519 iis,
659 4455 749 4527 quas
781 4431 955 4503 editionis
983 4433 1257 4502 tt‘etlauerianae
1286 4430 1431 4501 criticus
1468 4426 1675 4525 (ephennn.
1705 4429 1814 4499 literr.

522 4684 562 4762 (1)
586 4689 707 4743 Versum
725 4693 791 4754 144,
806 4685 921 4761 qualem
944 4687 973 4743 in
998 4706 1055 4742 nna
1074 4686 1160 4742 trium
1174 4687 1288 4743 illarum
1301 4684 1503 4741 recensionum
1524 4682 1610 4738 luisse
1634 4686 1817 4740 llerrnannus

482 4790 553 4858 vult,
568 4793 658 4847 textui
672 4811 726 4849 suo
741 4790 806 4849 loco
823 4787 1037 4849 subiunximus.

523 4894 564 4973 (a)
586 4900 783 4954 Hermannum
797 4940 804 4968 ‚
818 4892 909 4974 quiin
924 4896 1022 4955 Jalruii
1036 4892 1188 4953 annalibus
1202 4891 1369 4970 plrilologiae
1390 4891 1467 4947 hunc
1491 4890 1595 4947 librum
1620 4903 1705 4965 atque
1730 4887 1805 4943 illam

485 5001 643 5077 praesertim
659 5002 889 5060 dissertationem
906 5003 1054 5061 iudicarit.
1069 5000 1155 5058 Aliud
1172 4999 1317 5057 decadem
1331 4996 1531 5057 dissertatione
1545 4994 1684 5053 iudicium
1696 4996 1724 5051 iu
1738 4995 1816 5053 Zim-

485 5107 645 5163 ruerrnanni
657 5107 801 5184 ephemrn.
822 5110 861 5183 (a.
878 5108 950 5165 1836
963 5152 970 5178 ,
983 5127 1046 5185 pag.
1072 5106 1145 5163 1006
1161 5107 1236 5183 sqq.)
1253 5104 1307 5163 sub
1322 5104 1399 5163 calce
1414 5102 1599 5173 recensionis,
1617 5119 1702 5176 qnam
1724 5100 1816 5159 lulius

485 5216 584 5271 Caesar
602 5212 637 5270 de
653 5213 702 5269 illo
717 5212 858 5271 Soetbccri
874 5213 1017 5291 opusculo
1032 5211 1156 5291 scripsit,
1172 5233 1223 5267 nos
1233 5212 1317 5282 legere
1333 5206 1511 5263 nreurinirnus.
