4042 6067
200 524 248 581 ⁴8

202 1002 298 1078 ,μῆκος
311 997 370 1055 ὁδοῦ
381 1022 408 1070 ν,
421 994 466 1053 καὶ
481 998 494 1052 θ
509 992 679 1072 Ἀντίμαχος,

704 486 711 497 ’
755 502 971 563 innurem
993 502 1238 561 euasurum.

482 641 616 702 LXXXII
637 636 706 715 (7il.
1024 632 1222 714 Καλλίστρατος
1241 629 1269 691 δέ
1287 629 1330 689 ἐπὶ
1346 629 1377 691 τό
1395 627 1473 709 σαρές
1492 627 1658 709 κατηνέχθη,
1677 630 1714 694 ὡς
1732 650 1796 686 σκο-

252 734 347 795 Schoi.
366 731 485 789 Homeri
503 729 582 788 iliad.
598 727 710 800 n,753
729 724 768 800 (ct
785 725 879 801 Etym.
898 725 979 801 iii.p.
1026 720 1164 802 ροδορόρου
1190 724 1237 792 τῆς
1262 723 1310 797 γῆς
1336 718 1422 791 οὔσης.
1452 718 1573 795 Vulgata
1598 718 1709 775 scholia
1731 716 1797 788 his,

215 842 286 893 271,
301 818 347 897 19)
360 842 366 875 :
383 817 436 879 Καὶ
447 814 497 897 γάρ
509 814 637 895 Αἰσχύλος
647 811 772 879 πολλάκις
785 811 979 890 (Παλαμήδῃί)
1025 811 1112 868 Καλλ.
1168 807 1260 880 οὔσης,
1274 821 1341 866 ante
1352 808 1542 885 fragmentum
1557 806 1724 865 Antimachi
1742 826 1798 883 po-

213 907 261 981 rip
270 906 338 977 λέξιν
348 904 428 974 οθτως
445 903 555 984 ἔχουσαν
567 904 671 973 τίθησι,
685 898 747 960 ὅταν
763 899 836 981 λέγῃ·
850 898 981 961 «Σπίδιον
1025 898 1086 956 sitis
1103 910 1247 976 pergunt:
1263 894 1311 956 Διθ
1326 894 1371 957 καί
1385 895 1415 956 τδ
1429 896 1492 977 παρ’
1502 893 1653 975 Ἀντιμάχη)
1667 897 1704 953 Τ.
1717 894 1742 952 τ’
1755 896 1797 975 ὄρ.

1026 989 1054 1044 οὐ
1066 987 1153 1053 καλῶς
1172 983 1241 1065 ἔχειν
1259 987 1337 1044 δοκεῖ.
1356 985 1495 1045 Nimirum
1513 998 1687 1062 «serpentes
1709 984 1799 1063 abigit

1026 1076 1123 1132 allium
1144 1088 1173 1132 et
1196 1074 1365 1152 scorpiones
1388 1073 1519 1146 odore‚»
1544 1074 1616 1132 Plin.
1640 1075 1713 1131 iiist.
1740 1085 1800 1130 nat.

335 1108 404 1169 Οὐδὲ
418 1107 539 1167 σπιδόθεν
555 1109 714 1187 προνοῆσαι,

207 1214 334 1275 Ιτουτέστι
350 1212 489 1296 μακρόθεν.
503 1209 557 1272 Kal
570 1217 652 1268 ταῦτα
670 1205 716 1288 μέν
732 1207 910 1289 Ἀρίσταρχος.

210 2094 345 2174 ipatiw,
368 2088 386 2163 ἢ
407 2087 453 2164 xpi
475 2086 506 2145 τδ
525 2088 562 2166 (i.
586 2086 647 2162 τοῦ)
664 2083 790 2163 ἀρότρου,
809 2086 845 2149 ὡς
864 2083 909 2142 καὶ
927 2107 981 2165 ποιρ

476 1319 628 1379 LXXXIII
650 1315 719 1396 (δι).

258 1412 338 1470 idem
355 1409 390 1468 ad
410 1410 440 1468 ll.
460 1411 497 1481 B,
514 1429 551 1465 a:
570 1409 606 1466 Oi
621 1403 649 1464 di
664 1404 720 1484 μεθ’
737 1402 860 1485 Ὅμηρον
882 1401 922 1480 (τὸ
936 1400 986 1472 νή-

218 1498 307 1577 θῦμος)
321 1495 367 1556 καὶ
381 1493 461 1578 χωρίς
477 1502 522 1555 τοῦ
537 1518 551 1553 ν
566 1493 700 1573 λέγουσιν·
715 1492 760 1552 καί
775 1490 945 1569 Ἀντίμαχος·

339 1611 417 1671 Ἐπεί
433 1610 465 1692 ῥά
476 1612 500 1670 οἱ
514 1608 611 1688 ἥδυμος
629 1605 719 1666 ἐλθιίιν.

219 1742 367 1820 Tetigerat
383 1736 560 1796 Eustatirius.

525 1822 685 1882 LXXXIV.

260 1916 442 1977 lierodianus
457 1909 523 1992 Περὶ
539 1909 631 1991 μονήρ.
648 1906 700 1976 itt.
726 1929 753 1984 p.
773 1908 810 1966 36
828 1920 919 1964 exin:
935 1902 989 1962 Καὶ

216 2004 352 2088 οὐδέτερον
382 1999 449 2080 (ἐστὶ
473 1999 503 2059 ri
526 1997 632 2080 φάρος),
655 1994 734 2054 θπότε
759 1994 920 2074 σημαντικόν
945 2001 990 2054 τοῦ

983 2086 990 2104 θ

222 2182 364 2258 Ἀλκμᾶνι·
385 2174 457 2253 allide,
474 2174 519 2233 καί
539 2173 602 2255 παρ’
625 2171 789 2252 Ἀντιμάχῳ,
808 2195 824 2223 ἰ
835 2169 875 2228 ἀεὶ
898 2168 991 2252 ιροίρεος

210 2266 375 2349 ,χατεόουσιν
393 2263 460 2344 ἔχων
469 2282 497 2316 ν·
509 2260 588 2328 οὕτως
604 2264 630 2321 ἐν
642 2270 695 2328 τοῖς
709 2256 874 2340 ἀντιγράφοις
888 2259 991 2336 εἴρηται

221 2360 318 2437 (κεῖται
327 2356 358 2435 i).
369 2352 492 2432 Hesych.
503 2353 530 2409 in
543 2348 677 2432 Βοόραρος
687 2372 694 2405 t
706 2346 794 2429 Φάρος
804 2346 854 2425 γάρ
866 2352 882 2421 ἡ
894 2348 990 2429 ἄροσις.

222 2444 400 2523 Suspiceris,
422 2441 539 2522 (χωροῖς)
560 2438 612 2497 αἰεί
633 2438 725 2521 ράρεος
748 2434 905 2520 χατέουσιν,
927 2439 991 2508 rei,

222 2531 337 2614 Ἀγροῖσι
352 2527 445 2611 ράρεος
458 2526 610 2608 χατέουσιν·
625 2548 707 2598 narn,
724 2537 865 2603 quantum
884 2546 917 2584 ex
933 2528 992 2585 lic-

222 2621 343 2679 rodiano
364 2618 484 2695 intelllgi
503 2630 615 2695 potest,
631 2616 667 2674 de
678 2616 783 2673 ’aratro
798 2615 844 2673 rcl
861 2614 991 2671 aratione

222 2709 335 2767 dixerat
344 2705 539 2766 Antimachus.
549 2706 581 2763 ln
591 2702 659 2784 ἔχων
667 2704 756 2762 intere
767 2715 862 2780 potest
872 2702 991 2771 Echion,

214 2821 368 2884 ’Κάόόαλεν
379 2818 438 2880 ὅπλ’
457 2819 499 2878 ἐπ’
511 2821 614 2899 ἀγροῖσι
627 2817 721 2900 ράρεος
730 2816 869 2897 χατέουσιν
884 2815 992 2895 Ἐχίων.

222 2940 293 2998 Nam
306 2937 475 2996 conculcato
498 2956 551 3012 per
571 2954 698 3012 pugnam
721 2935 892 3011 Spartorum
914 2952 993 3010 agro,

222 3045 306 3104 quern
319 3037 447 3084 araverat
461 3023 593 3091 Cadmus,
609 3022 718 3082 Echion

281 3161 332 3200 sua
342 3140 413 3219 jecit
426 3140 506 3198 humi
522 3138 634 3196 monitu
651 3135 809 3195 Tritonidis
826 3156 912 3205 arum,

224 3256 302 3334 apud
312 3254 449 3316 Ovidium
463 3254 579 3311 liietam.
595 3252 644 3321 lil,
662 3271 725 3321 ¹27·

529 3349 676 3408 LXXXV.

261 3439 361 3499 Codex
381 3439 472 3499 Paris.
496 3438 572 3494 2‘338
593 3457 618 3494 ν.
635 3434 789 3516 Καρήατος,
811 3453 856 3510 ap.
873 3433 990 3490 lieliter.

223 3526 329 3584 Aneed.
346 3546 374 3604 p.
394 3525 491 3582 1386:
512 3521 620 3604 Κάρηας
638 3521 684 3600 μέν
701 3519 750 3601 γάρ
765 3522 814 3598 οὐχ
829 3510 882 3579 οἶόν
894 3516 923 3578 τέ
937 3521 992 3577 ἐστι

222 3612 438 3692 παραλαμθάνειν
453 3612 500 3686 τὴν
517 3614 630 3670 εὐθεῖαν·
641 3613 719 3692 ἐχρῆν
730 3609 757 3667 δὲ
774 3604 991 3690 παραλαμόοίνειν

222 3697 295 3779 παρά
312 3700 468 3779 Ἀντιμάχου
490 3703 605 3772 εὐθεῖαν,
623 3691 676 3758 οἷον
693 3725 705 3749 ι
723 3695 826 3769 οἰκέτην
844 3694 920 3753 θέσκε
940 3693 991 3755 κά·
1014 3702 1016 3752 i
1075 3723 1249 3781 scholiam
1275 3725 1393 3783 Homeri
1422 3728 1453 3785 Ιχ
1479 3728 1505 3785 Ξ

223 3809 291 3867 paup
307 3813 334 3860 ”r
359 3787 416 3845 ἀλλ’
437 3785 494 3863 ‘’VZl
517 3786 626 3867 κᾶθηας·
656 3790 833 3856 Dlinlzemst
848 3782 990 3845 Οἴκτῑστθν
1014 3845 1016 3872 ;
1036 3810 1159 3869 οὐδέποτε
1173 3803 1226 3870 οἶδε
1244 3811 1274 3871 τό
1294 3811 1329 3891 pri
1346 3812 1404 3871 cirri
1420 3821 1464 3873 τοῦ
1483 3819 1534 3886 ὡς,
1553 3820 1577 3876 οἱ
1598 3816 1625 3875 δέ
1639 3819 1695 3895 μετ’
1709 3814 1787 3885 αὐτόν,

1014 3952 1016 3972 ἱ
1036 3895 1124 3981 ὥσπερ
1142 3899 1296 3979 Ἀντίμαχος
1314 3901 1359 3960 καὶ
1376 3906 1400 3961 οἱ
1415 3901 1475 3984 περὶ
1490 3903 1673 3984 Καλλίμαχον.
1695 3907 1727 3964 Et
1743 3906 1787 3960 Ve-

1013 3986 1016 4047 i
1036 4002 1119 4045 uetus
1137 3990 1172 4046 ud
1187 3992 1261 4048 500:
1277 3990 1410 4050 Οὐδέποτε
1425 3987 1585 4074 δὲ”Ομηρος
1598 3994 1628 4052 τὸ
1640 4000 1675 4074 pu
1690 3994 1740 4052 αἰντί
1751 3996 1785 4049 roi

1013 4066 1015 4138 i
1035 4078 1070 4141 ὡς
1083 4074 1202 4155 τέταχεν.
1218 4075 1295 4143 Ὶαως
1314 4075 1343 4136 δέ
1365 4076 1411 4137 καὶ
1422 4078 1577 4159 Ἀντίμαχος
1594 4085 1707 4140 ἐντεῦθεν
1720 4082 1783 4138 luir-

1013 4149 1015 4238 i
1035 4164 1100 4234 νήθη
1119 4187 1176 4244 apr,
1192 4164 1274 4245 γέρων
1288 4157 1375 4225 οἷσιν»
1392 4166 1481 4226 εἰπών.
1496 4170 1529 4226 V.
1547 4172 1708 4228 Buttmann.
1716 4167 1783 4228 tesi·

262 4233 527 4292 ScholiastaVenet.
539 4234 739 4311 Aristophanis
752 4235 827 4294 Piut.
840 4230 990 4305 718:‘¹Orr
1035 4252 1101 4329 1030
1119 4253 1174 4309 σοι
1195 4255 1221 4324 1,
1239 4274 1266 4331 p,
1283 4258 1338 4326 237
1356 4276 1434 4332 sqq,
1450 4257 1500 4333 qui
1524 4258 1570 4329 Φή
1589 4261 1602 4339 p

223 3873 299 3933 θέσκε
322 3871 433 3955 κάρηαρ.
460 3876 539 3933 Inter
561 3876 584 3930 oi
608 3887 637 3930 et
659 3872 737 3944 κέτην
761 3886 856 3951 potest
882 3873 989 3950 aliquid

223 3962 320 4021 deesse
342 3964 371 4020 in
389 3961 498 4033 codice,
520 3981 605 4039 quem
620 3961 746 4037 inspexi,
761 3959 928 4037 splendide,
940 3961 990 4018 sed

223 4071 280 4108 nou
302 4051 371 4109 satis
388 4051 443 4108 fida
459 4070 545 4107 manu
560 4050 709 4126 scriptum.

483 4146 634 4207 LXXXVI
661 4144 731 4225 (ρο).

221 4322 351 4393 ἡΤῆνος,
371 4325 448 4392 νῆσος
461 4319 509 4397 μία
525 4323 577 4380 τῶν
594 4321 756 4394 Κυκλάδων,
775 4320 905 4401 θηριώδης
919 4321 990 4378 δοκεῖ

223 4400 343 4471 εἶναι...ΙΙ
364 4408 418 4469 Καὶ
434 4407 608 4488 Ἀντίμαχος,

382 4513 471 4584 Triuiae
488 4514 512 4573 r’
527 4511 673 4595 δριοέσσης.

329 4801 448 4871 Nequeo
463 4723 619 4872 longinqtio²
627 4800 785 4872 praeridere.

330 4966 465 5038 Quoniam
478 4969 502 5023 ei
516 4891 761 5024 suarisaaccedens.

331 5132 442 5207 Semper
456 5138 547 5191 aratro
563 5059 748 5207 iridigentihus
763 5136 883 5205 habens(
896 5142 914 5206 ).

569 5227 747 5361 ..lsieddebat
760 5317 849 5379 caput.

1028 1164 1093 1237 XX,
1108 1166 1146 1241 6,
1161 1170 1176 1236 ς
1191 1167 1236 1223 23.
1253 1165 1327 1223 Olim
1343 1165 1440 1223 Tenus
1451 1161 1598 1244 ’θρίουσσα
1623 1163 1710 1220 dicta.
1726 1164 1802 1222 Pro-

1028 1252 1194 1311 ductionem
1207 1253 1307 1330 primae
1316 1250 1434 1329 syllabae
1446 1250 1558 1327 adjuvit
1571 1249 1657 1318 αἷολος
1669 1249 1727 1332 <ipre
1739 1252 1802 1309 lio-

1029 1341 1109 1402 mcri.
1138 1341 1180 1399 hd
1211 1340 1311 1417 Lyden
1347 1341 1476 1399 referunt
1502 1339 1559 1397 hoc
1591 1339 1803 1416 fragmentum,

1030 1428 1110 1505 quod
1128 1431 1213 1488 Zetes
1234 1441 1262 1486 et
1288 1429 1379 1488 Calais
1399 1429 1429 1486 in
1454 1427 1547 1486 insuia
1571 1428 1654 1484 Teno
1671 1425 1708 1484 ab
1725 1428 1803 1484 ller—

1031 1518 1094 1575 cule
1109 1518 1195 1575 occisi
1210 1517 1368 1575 traduntur.

1285 1607 1449 1668 LXXXVII
1470 1603 1539 1685 (76).

1071 1693 1168 1750 Schoi.
1186 1694 1316 1753 Platonis
1331 1696 1359 1753 in
1371 1695 1525 1756 Phaedrum
1537 1714 1565 1771 p.
1578 1694 1616 1750 60
1633 1692 1750 1751 iiuhnk.
1765 1716 1804 1746 =

1034 1781 1107 1849 315,
1124 1802 1139 1837 α
1152 1782 1237 1838 Bell.
1251 1805 1257 1838 :
1269 1779 1400 1863 Σταθερόν
1415 1779 1445 1838 τὸ
1457 1779 1557 1863 σφόδρα
1570 1780 1683 1863 θερμδν,
1696 1780 1748 1839 ἀπὸ
1757 1784 1805 1851 τῆς
1829 1845 1831 1851 ,

1033 1869 1059 1924 ἐν
1074 1871 1112 1947 τῷ
1126 1866 1194 1948 θέρει
1212 1868 1389 1950 μεσημίρίας.
1402 1869 1456 1929 Καὶ
1472 1869 1641 1949 Ἀντίμαχος·

1333 1985 1430 2070 Θέρεος
1451 1994 1594 2071 οταθιροῖο.

1034 2109 1088 2172 Καὶ
1100 2109 1130 2168 τό
1140 2109 1211 2175 ἑστὸς
1225 2108 1252 2168 δέ
1264 2110 1309 2169 καί
1321 2114 1433 2191 ἠρεμοῦν
1448 2110 1570 2193 σταθερδν
1587 2110 1716 2189 λέγουσιν.
1734 2103 1806 2173 Vide

1035 2201 1185 2260 iluhnken.
1209 2199 1245 2256 ad
1267 2201 1406 2257 ‘i'imaeum
1431 2221 1459 2277 p.
1483 2204 1536 2259 235
1562 2221 1624 2278 sqq.
1649 2202 1808 2278 Fragmen-

1036 2303 1094 2345 tum
1120 2289 1227 2345 citatur
1254 2288 1340 2346 etiam
1366 2309 1381 2345 a
1409 2289 1499 2347 Suida
1518 2310 1546 2346 v.
1568 2289 1721 2370 Σταθερίν,
1744 2312 1807 2368 quo

1035 2376 1177 2435 vocabulo
1201 2378 1399 2454 significantur
1419 2398 1484 2453 quae
1507 2380 1533 2435 ἐν
1552 2380 1624 2457 ἀκμῇ
1648 2381 1807 2438 constituta

1035 2479 1118 2536 sunt,
1135 2467 1217 2542 quasi
1240 2469 1267 2522 iu
1289 2486 1401 2524 summo
1422 2467 1598 2523 efficacitatis·
1615 2486 1690 2538 suae,
1706 2481 1739 2525 ut
1757 2488 1806 2525 uec

1036 2575 1195 2639 augeantur
1209 2561 1331 2638 amplius
1351 2562 1474 2619 necdum
1490 2561 1604 2620 cadant.

1327 2656 1515 2716 LXXXVIII.

1076 2753 1257 2830 Porphyrius
1271 2753 1307 2809 ad
1321 2755 1404 2811 iloni.
1423 2755 1453 2812 li.
1467 2755 1507 2827 Ω,
1518 2757 1554 2812 23
1569 2778 1576 2811 ι
1590 2753 1630 2813 Τὸ
1646 2780 1658 2805 ι
1672 2753 1803 2835 νείκεσεν·

1037 2842 1132 2921 ἄκυρον
1146 2842 1189 2901 ἐπὶ
1205 2844 1340 2901 δικαστοῦ·
1367 2840 1410 2900 ἐπὶ
1424 2840 1473 2925 γάρ
1487 2846 1539 2901 τῶν
1555 2841 1732 2920 δικαζομένων
1747 2842 1803 2901 αὐτὸ

1037 2930 1137 3002 τίθησιν
1155 2929 1355 3009 (Homerus)
1372 2933 1407 2991 Oi
1421 2930 1448 2990 δὲ
1462 2930 1583 3013 νεώτεροι
1598 2932 1642 2990 ἐπὶ
1654 2938 1700 2991 τοῦ
1716 2930 1746 2990 τό
1761 2938 1802 2989 νεῖ·

1037 3041 1080 3083 κος
1107 3016 1237 3091 διαλύειν,
1256 3020 1291 3085 ὡς
1321 3018 1490 3098 Ἀντίμαχος,
1523 3021 1678 3079 «Εὐνείκεα
1700 3021 1722 3079 δ’
1745 3019 1799 3079 ἔσαν

1036 3105 1129 3186 λόγια,
1144 3133 1156 3158 ν
1171 3106 1227 3165 ἀντὶ
1252 3112 1298 3166 τοῦ
1323 3108 1481 3188 εὐδιαίκριτα.
1512 3111 1559 3168 Sic
1584 3112 1710 3168 Venetus·
1726 3114 1798 3180 aiter,

1037 3207 1066 3252 et
1088 3196 1246 3265 Parisinus,
1271 3196 1324 3253 nisi
1348 3198 1426 3273 quod
1450 3198 1496 3254 hic
1524 3197 1684 3256 εὐνείκεστα.
1709 3199 1796 3257 Codex

1039 3283 1175 3352 Victorii,
1191 3310 1202 3335 ι
1219 3281 1286 3358 μετά
1299 3281 1326 3342 δὲ
1341 3283 1451 3351 εὒνείκες
1466 3284 1554 3363 κρίνον
1566 3313 1586 3355 υ,
1609 3287 1795 3363 illosquensis,

1038 3368 1207 3428 ιεύνείκεστα
1223 3371 1245 3427 δ’
1262 3362 1330 3442 ἦσαν
1348 3370 1380 3429 rh
1400 3371 1517 3451 λόγια,ν
1539 3394 1604 3450 quae
1626 3388 1694 3432 sunt
1712 3395 1743 3433 cx
1757 3374 1794 3430 iu·

1039 3459 1239 3535 terpolatioue.
1262 3460 1457 3517 Schneiderus
1480 3463 1509 3517 in
1533 3461 1613 3534 Lex,
1631 3460 1792 3534 εὖνείκηταδ

1013 3573 1017 3596 ι
1037 3544 1099 3604 ἔσαν
1114 3548 1139 3605 λ.

1342 3637 1500 3698 lxxxix.

1511 3773 1519 3799 ‚
1545 3738 1602 3803 499
1625 3728 1680 3787 ζὉ
1696 3725 1788 3797 ταντα

1605 4283 1621 4315 τ
1637 4257 1716 4339 γέρων
1731 4245 1782 4313 dicu

1036 4342 1169 4399 restituit.
1191 4344 1335 4401 lieltherus
1351 4346 1409 4401 reri
1427 4342 1569 4405 simillime
1586 4346 1633 4419 (1ιὴ
1648 4346 1780 4427 γεράνοιτιι.

1035 4428 1236 4487 Grammaticis
1247 4432 1412 4490 notissimus
1422 4446 1482 4489 erat
1492 4453 1603 4506 versus,
1614 4436 1694 4513 cujus
1707 4432 1779 4511 priua

1034 4516 1172 4575 voeabula
1187 4519 1324 4578 indicasse
1337 4522 1490 4580 sufficeret.

1123 4812 1157 4864 Et
1172 4810 1238 4865 Teni
1254 4735 1431 4883 serpentibdi⁵
1438 4811 1611 4868 abundantis.

1415 4903 1438 4950 t.

1246 4979 1361 5034 AEstatis
1376 4902 1495 5036 simmo.

1139 5146 1238 5200 Facilia
1252 5071 1495 5218 dijudicatdiraut
1510 5150 1621 5205 oracula

1157 5313 1234 5369 Sicut
1247 5315 1368 5387 gruibus.
1393 5238 1439 5289 89.
